1923 3020
700 247 843 282 LIBER
870 247 1114 293 QUARTUS.
1534 248 1605 282 357

211 344 343 380 terrae
365 350 604 379 annonam
630 333 949 396 pabulumque
975 332 1257 378 sufficienter
1279 333 1488 378 invenire
1511 349 1609 378 non

208 421 419 476 possent,
441 411 570 473 quod
597 428 622 456 a
646 411 840 456 diversis
858 410 1066 474 partibus
1086 410 1311 456 deberent
1329 425 1434 455 suas
1451 410 1611 472 copias

207 489 439 534 deducere
457 497 501 532 et
527 505 724 548 regnum
743 487 930 549 aggredi
951 491 1240 532 Francorum
1266 507 1275 532 :
1302 504 1381 532 rex
1400 487 1612 533 videlicet

209 564 463 625 Anglorum
504 579 585 624 per
627 563 1095 619 Viromandensium,
1133 564 1438 609 Suessionum
1472 574 1611 627 atque

207 641 588 688 Laudunensium
613 658 748 703 agros
764 678 775 699 ,
803 640 898 685 dux
922 656 1033 684 vero
1051 640 1331 701 Burgundiae
1349 658 1432 704 per
1449 641 1612 688 Lotha-

205 719 419 780 ringiam‚
456 723 647 763 Barrum
670 728 715 763 et
735 717 1040 780 Campaniam
1062 732 1167 761 suas
1191 718 1348 779 copias
1373 719 1608 779 trajicere,

205 796 268 841 sic
292 795 422 857 quod
448 795 591 841 ambo
616 795 844 839 exercitus
876 793 1003 856 apud
1035 795 1289 839 Remorum
1315 795 1482 841 urbem
1513 812 1612 842 sese

206 871 372 917 obvios
400 871 652 927 haberent,
680 870 727 914 in
753 885 844 931 qua
871 868 1127 930 Anglorum
1151 886 1231 914 rex
1260 887 1308 915 se
1340 871 1612 933 ungendum

204 948 251 992 in
293 951 581 993 Francorum
619 962 800 1009 regem,
846 954 986 1008 atque
1031 955 1268 1007 sceptrum
1310 957 1355 992 et
1397 948 1615 994 diadema

205 1026 333 1086 regni
356 1034 683 1088 suscepturum
706 1022 899 1087 putabat
920 1021 1104 1084 sibique
1128 1023 1447 1084 promittebat.

272 1104 418 1145 Porro
444 1118 581 1157 cum,
609 1109 804 1163 accepto
829 1098 1032 1143 invicem
1050 1097 1273 1156 consilio,
1295 1099 1353 1144 ad
1374 1100 1614 1145 condicto-

205 1194 309 1222 rum
326 1177 672 1222 exsecutionem
692 1186 888 1238 uterque
909 1191 1074 1220 eorum
1089 1174 1413 1231 contenderet,
1443 1186 1487 1221 et
1513 1178 1612 1222 vale

205 1255 327 1301 facto
353 1253 477 1298 fratri
505 1270 590 1299 suo
612 1270 698 1316 pro
723 1269 775 1298 ea
801 1253 900 1298 vice
917 1288 928 1309 ,
954 1251 1345 1312 Burgundionum
1369 1252 1463 1297 (lux
1481 1252 1538 1297 ab
1555 1269 1612 1298 eo

204 1331 485 1395 discessisset
504 1366 513 1387 ,
543 1330 683 1393 coepit
706 1330 866 1393 copias
891 1345 1008 1393 quas
1034 1337 1141 1373 ante
1163 1329 1376 1374 Nussiam
1398 1345 1615 1391 aggrega-

205 1416 299 1463 rat,
328 1407 674 1469 contractisque
698 1405 910 1468 undique
934 1404 1192 1467 majoribus
1217 1405 1611 1468 quamplurimis—

204 1499 296 1545 que
321 1483 538 1528 curribus
565 1492 610 1528 et
636 1482 864 1529 machinis
886 1483 1021 1539 belli,
1049 1482 1329 1546 praemittere
1351 1482 1398 1527 in
1422 1485 1614 1527 Barren-

204 1559 325 1604 sium
350 1575 484 1622 agros
512 1569 557 1604 et
581 1559 950 1622 Lotharingiam.
984 1559 1081 1604 Alia
1104 1559 1247 1604 etiam
1271 1575 1326 1604 ex
1352 1568 1500 1622 parte,
1528 1575 1612 1622 per

202 1644 347 1680 terras
372 1635 620 1692 Picardiae,
650 1635 907 1697 Anglorum
937 1651 1016 1680 rex
1045 1634 1105 1681 ad
1138 1635 1313 1680 flumen
1339 1636 1609 1680 Summonae

205 1710 291 1755 iter
306 1710 520 1767 faciebat,
540 1710 720 1756 habens
736 1711 900 1774 procul
917 1710 1064 1756 dubio
1082 1711 1335 1756 exercitum
1358 1727 1493 1755 xxxw
1515 1710 1614 1755 mil-

203 1786 317 1831 lium
340 1787 551 1832 virorum
577 1787 930 1850 expeditorum,
966 1787 1109 1834 armis
1143 1787 1445 1848 Anglicorum
1478 1803 1610 1831 more

204 1864 381 1926 optime
408 1864 761 1909 instructorum.
799 1867 937 1910 Erant
961 1864 1137 1927 quippe
1161 1863 1382 1925 sagittarii
1407 1873 1452 1908 et
1478 1863 1609 1926 pedi·

205 1949 270 1986 tes
296 1940 390 1986 fere
415 1958 609 2000 omues,
637 1940 786 1986 tribus
812 1951 890 1987 aut
915 1942 1038 1986 circa
1064 1940 1268 1985 millibus
1292 1941 1505 2002 equitum
1530 1956 1607 1985 ex-

204 2018 373 2080 ceptis,
402 2034 497 2079 quo
529 2017 703 2063 facilius
728 2018 1000 2063 alimoniam
1030 2018 1341 2062 necessariam
1364 2015 1452 2061 sibi
1473 2033 1607 2078 quae—

205 2110 304 2139 rere
342 2105 564 2158 possent,
608 2112 710 2157 quae
754 2095 940 2140 difficile
986 2094 1045 2140 ad
1087 2110 1310 2155 magnum
1354 2109 1607 2138 numerum

205 2186 433 2231 equorum
482 2171 718 2217 sufficiens
762 2171 960 2216 inveniri
1004 2172 1249 2234 potuisset.
1302 2172 1608 2215 Vastaverant

204 2247 423 2309 equidem
448 2248 544 2309 jam
573 2248 757 2305 Franci,
790 2249 854 2293 uti
885 2248 1111 2304 diximus,
1142 2248 1274 2293 villas
1297 2257 1342 2293 et
1364 2264 1500 2310 agros
1528 2252 1607 2292 Ar-

204 2325 326 2369 tesize
358 2335 401 2369 et
436 2326 649 2383 pontivi,
685 2326 824 2387 longe
857 2325 1042 2388 lateque
1074 2334 1242 2371 cuncta
1272 2325 1378 2387 igne
1409 2334 1454 2370 et
1486 2324 1607 2370 ferro

204 2402 497 2464 populando.

269 2479 388 2522 Sane
406 2494 514 2523 cum
538 2495 684 2541 usque
706 2482 936 2524 Peronam
955 2479 1107 2524 dictus
1125 2495 1201 2524 rex
1227 2479 1429 2541 :Xngloru
1439 2496 1481 2523 m
1498 2495 1605 2524 cum

204 2555 297 2599 suis
328 2554 476 2618 copiis
508 2565 817 2618 penetrasset,
851 2555 932 2601 ubi
961 2555 1094 2601 limes
1121 2565 1218 2601 erat
1248 2556 1491 2618 utriusque
1518 2554 1609 2600 do-

206 2632 353 2687 minii,
393 2632 566 2678 scilicet
593 2636 879 2679 Francorum
909 2642 954 2678 et
984 2632 1394 2693 Burgundionum,
1417 2632 1508 2678 illic
1542 2633 1609 2677 of-

205 2707 352 2753 fendit
376 2710 536 2772 copias
560 2712 873 2769 Francorum,
902 2710 982 2773 qui
1009 2709 1170 2756 limina
1195 2726 1276 2756 sua
1300 2727 1410 2755 cum
1433 2710 1608 2772 ingenti
