1923 3020
309 239 357 275 42
672 236 892 271 HISTORIA
903 237 1004 271 RL‘M
1032 235 1263 271 LUDOVICI
1292 237 1344 270 XI

308 342 360 371 ac
384 324 655 380 siluerunt¹,
682 322 944 385 quibusque
975 321 1160 366 tributis
1197 323 1292 384 regi
1318 322 1491 385 placuit
1519 325 1700 372 easdem

308 416 502 445 onerare
517 437 529 458 ,
554 400 813 445 servierunt
835 417 843 442 ι
866 398 1005 460 longe
1032 397 1163 442 aliter
1185 398 1396 460 profecto
1413 400 1704 463 nimiumque

306 476 591 521 dissimiliter
615 491 757 538 quam
784 474 913 518 mitia
938 474 1056 536 regis
1078 474 1222 520 verba
1244 476 1427 520 noviter
1451 475 1705 523 adventan-

307 552 361 597 tis
395 552 684 598 habuissent.
715 554 830 596 Nam
856 567 994 607 cum,
1021 551 1080 597 de
1105 567 1230 597 anno
1263 553 1309 597 in
1335 569 1540 610 annum,
1574 571 1707 601 novae

307 645 378 675 res
417 645 635 691 novaque
667 627 815 681 bella,
855 628 1056 691 ipsomet
1101 638 1382 691 procurante
1414 645 1467 674 ac
1513 646 1703 693 operam

306 707 464 766 dante,
492 706 579 753 sibi
603 706 950 767 immergerent,
978 722 1037 751 eo
1064 722 1211 768 usque
1236 705 1539 751 collationum
1565 717 1705 770 atque

305 783 599 846 vectigalium
645 798 787 827 onera
825 781 1012 827 adauxit
1046 791 1126 840 ut,
1167 781 1282 827 infra
1315 799 1491 845 paucos
1529 799 1700 837 annos,

306 877 446 923 supra
479 860 660 906 tertiam
691 868 871 921 partem
907 858 1006 920 ejus
1035 858 1304 920 quantitatis
1327 875 1469 921 quam
1494 875 1603 904 suus
1629 876 1703 921 ge-

307 938 431 983 nitor
454 953 664 1000 unquam
687 945 949 998 acceperat,
976 945 1074 980 toto
1092 951 1236 997 regno
1256 946 1554 982 excresceret.

768 1177 1103 1221 CAPITULUM
1143 1177 1242 1220 XII.

306 1311 355 1342 De
381 1310 483 1344 variis
508 1310 736 1356 legationibus
763 1322 803 1341 ex
827 1310 1061 1354 potentatibus
1090 1310 1196 1343 Italiae
1220 1310 1327 1343 missis
1354 1309 1398 1343 ad
1421 1310 1704 1345 consalutandum

377 1377 507 1397 novum
529 1376 658 1409 regem,
677 1372 709 1396 et
726 1362 768 1396 de
786 1362 914 1396 foedere
936 1363 1022 1396 inito
1042 1375 1103 1408 per
1120 1375 1200 1396 eum
1217 1375 1295 1395 cum
1320 1362 1408 1396 duce
1435 1361 1631 1398 Mediolani.

370 1482 596 1527 Miserunt
619 1490 776 1527 autem
814 1481 875 1527 ad
906 1497 1012 1527 enm
1049 1479 1386 1527 honorandum
1412 1482 1706 1528 consalutan-

305 1559 516 1622 dumque
541 1561 568 1617 ⁵³,
608 1558 764 1604 statim
814 1568 863 1603 ut
902 1558 948 1602 in
988 1575 1167 1603 novum
1206 1575 1363 1620 regem
1405 1558 1704 1604 sublimatum

306 1653 413 1681 eum
448 1635 797 1694 intellexerunt,
832 1635 1086 1697 legationes
1118 1634 1353 1681 solemnes
1399 1635 1493 1680 dux
1534 1635 1707 1680 Medio-

305 1711 451 1769 lani³,
483 1714 865 1773 Venetorumque
908 1711 1288 1757 Flore-minorum
1332 1722 1470 1775 atque
1510 1715 1707 1757 Janucn-

306 1789 425 1833 sium
452 1788 838 1845 communitates,
866 1804 1065 1849 quarum
1087 1787 1251 1850 aliquae
1269 1789 1407 1834 etiam
1431 1805 1511 1834 sua
1536 1787 1705 1833 soedera

307 1865 504 1911 libenter
530 1865 813 1911 invenissent
830 1868 867 1921 ·”;
890 1865 972 1910 sed
1003 1882 1136 1924 cum,
1165 1865 1296 1911 brevi
1318 1866 1500 1911 morula
1524 1875 1706 1927 tempo-

361 2005 394 2040 1.
424 2003 454 2039 Il
475 2015 495 2053 y
521 2011 584 2040 eut
607 2002 820 2052 cependant
849 2002 1013 2051 quelque
1034 2001 1148 2037 chose
1176 2003 1195 2037 a
1219 2004 1344 2045 Laon,
1367 2001 1461 2038 ainsi
1480 2001 1596 2050 qu’on
1618 2009 1707 2050 peut

305 2061 472 2098 l'inscrer
491 2061 582 2098 d'un
606 2061 817 2098 inventaire
837 2060 884 2097 de
905 2060 1053 2110 papiers
1078 2059 1268 2096 d’assaires
1287 2060 1414 2096 dresst':
1434 2072 1480 2096 cn
1503 2060 1595 2095 1461
1619 2061 1708 2105 (Re-

306 2122 401 2159 cucil
436 2123 482 2159 dc
512 2122 688 2173 Legrand
720 2124 740 2158 ii
773 2122 808 2158 la
835 2121 932 2158 Bibl.
963 2121 1088 2171 imp).
1120 2124 1177 2158 On
1211 2134 1233 2169 y
1254 2120 1296 2156 lit
1323 2133 1383 2157 ces
1411 2119 1510 2157 deux
1529 2118 1703 2156 articles:

310 2200 325 2214 «
351 2184 664 2219 chionstrances
685 2182 791 2218 saites
812 2183 832 2216 Ξι
851 2194 946 2217 ceux
967 2180 1013 2216 (le
1036 2183 1160 2226 Laon,
1185 2180 1360 2216 touchant
1382 2192 1453 2216 unc
1472 2178 1705 2215 commocion

307 2239 454 2275 arrivcc
472 2240 561 2276 chcz
579 2254 672 2285 eux,
689 2240 849 2289 escripte
870 2239 916 2275 (lc
937 2239 971 2275 la
987 2239 1087 2275 main
1101 2238 1151 2274 du
1165 2238 1390 2274 chanccllier
1404 2237 1450 2273 de
1465 2237 1690 2273 Mox-villiers

312 2301 419 2344 Item,
446 2299 626 2335 nstunoire
657 2299 782 2335 donne
811 2312 879 2348 par
901 2299 934 2335 le
955 2298 1069 2348 bailly
1091 2298 1137 2336 de
1156 2297 1402 2334 Vermandois
1419 2299 1439 2332 εὶ
1459 2299 1548 2333 ΜΜ.
1572 2296 1606 2333 le
1632 2309 1707 2333 ina-

309 2357 451 2393 reschal
474 2365 509 2392 ct
534 2358 710 2394 tresoricr
724 2361 892 2402 Bureau,
909 2371 973 2394 sur
992 2370 1158 2394 aucunes
1178 2356 1382 2394 rebellions
1402 2356 1507 2392 saites
1529 2356 1707 2392 touchant

307 2411 360 2452 les
381 2416 496 2466 aydes
517 2429 563 2452 en
580 2417 754 2453 Laonois.
777 2434 791 2448 »ι

361 2477 398 2511 2.
431 2478 482 2512 Le
520 2488 589 2512 ms.
625 2475 749 2511 donne
788 2477 900 2526 apros
935 2478 1312 2525 consalutamlamqlte
1354 2474 1406 2511 les
1447 2482 1542 2510 mots
1582 2487 1707 2509 novum

309 2548 452 2581 regem,
485 2534 548 2583 qui
588 2547 625 2570 se
659 2543 833 2571 trouvent
869 2549 1007 2573 encore
1043 2544 1079 2573 ct
1112 2534 1197 2585 plus
1228 2533 1516 2572 naturellement
1551 2533 1643 2570 dans
1673 2533 1708 2569 le

309 2591 479 2629 membre
497 2593 542 2629 de
564 2592 698 2642 phrase
718 2592 782 2641 qui
803 2593 888 2628 suit.

366 2656 399 2688 3.
435 2652 546 2688 Alors
565 2651 745 2700 Francois
763 2652 909 2694 Sforcc,
931 2652 983 2687 dit
1000 2652 1034 2689 le
1053 2653 1196 2690 Grand.

365 2714 402 2749 h.
435 2710 645 2747 Chastelain
661 2741 669 2757 ‚
695 2710 788 2745 dont
812 2710 845 2746 le
872 2710 1107 2760 tenioignage
1130 2721 1184 2747 cst
1212 2711 1299 2747 bien
1322 2711 1405 2760 plus
1429 2706 1706 2752 considerable,
