1923 3020
710 256 855 292 LIBER
883 254 1135 294 SECUNDUS
1143 281 1151 290 .
1558 254 1627 289 141

235 343 467 391 diensium
503 353 698 389 conatus
736 341 1022 388 retunderet.
1060 341 1150 396 Qui
1192 339 1428 403 profecto,
1463 339 1500 384 si
1534 354 1633 383 non

236 432 330 469 tam
346 433 527 469 mature
551 422 859 479 discessisset,
883 422 1201 485 potuissetque
1224 420 1473 466 dominum
1496 420 1635 463 Caro-

234 500 332 546 lum
368 499 415 543 in
450 501 815 557 Normanniani,
851 499 939 544 sibi
978 498 1257 559 assignatam
1296 506 1341 542 et
1382 495 1629 551 traditam,

234 576 459 630 sociasse,
489 576 797 621 verisimiliter
830 592 939 621 eum
974 575 1032 620 de
1066 574 1232 620 eadem
1261 573 1432 637 pellere
1468 587 1634 618 ausum

234 669 309 697 rex
346 652 541 697 minime
571 653 846 716 accepisset,
877 651 1284 714 quemadmodum
1319 650 1474 696 statim
1512 657 1636 711 post·

233 744 375 791 quam
400 738 555 791 terga,
588 730 649 775 ad
682 746 765 776 sua
797 729 1002 785 rediens,
1042 729 1170 774 idem
1204 745 1364 774 comes
1398 736 1629 784 verterat,

232 806 333 869 ipse
355 805 522 866 effecit,
548 816 598 852 ut
621 808 775 853 statim
796 807 939 871 paulo
959 806 1096 852 latius
1118 806 1390 852 referemus.

720 1037 1056 1083 CAPITULUM
1089 1038 1146 1079 X.

232 1170 423 1214 Quomodo
440 1170 513 1203 dux
530 1170 694 1212 Carolus,
713 1179 853 1216 accepta
870 1184 889 1204 a
908 1183 986 1215 rege
1002 1168 1239 1210 Normannia,
1259 1168 1302 1200 ab
1324 1167 1480 1213 ingressu
1497 1168 1636 1201 Rotho-

280 1227 371 1269 magi
392 1224 457 1257 fuit
479 1223 540 1256 diu
558 1224 743 1256 Britonum
766 1222 927 1256 detentus
953 1223 1125 1263 factione;
1150 1230 1183 1254 et
1204 1221 1351 1265 qualiter
1370 1221 1406 1253 in
1424 1221 1637 1254 monasterio

277 1278 387 1311 Beatae
404 1278 599 1311 Catharinae
617 1290 636 1310 a
655 1277 805 1311 Statibus
823 1276 1010 1322 provinciae
1028 1275 1182 1310 visitatus
1201 1283 1233 1308 et
1253 1274 1452 1307 consolatus
1468 1273 1545 1309 suit.

298 1395 439 1457 Igitur
463 1394 664 1457 acceptis
688 1392 903 1456 praefatus
928 1391 1151 1436 dominus
1176 1389 1372 1436 Carolus
1402 1399 1447 1435 et·
1478 1389 1636 1436 debite

232 1471 459 1535 expeditis
504 1471 667 1516 litteris
721 1470 814 1515 suis
863 1469 921 1514 de
960 1467 1272 1530 assignatione
1309 1468 1631 1523 Normanniae,

232 1548 368 1610 regiis
410 1563 603 1610 quoque
645 1545 878 1592 mandatis
924 1555 970 1591 et
1011 1544 1368 1602 commissariis,
1405 1544 1487 1607 qui
1527 1561 1638 1608 pos·

232 1625 487 1670 sessionem
530 1622 819 1687 oppidorum
858 1631 904 1668 et
941 1631 1228 1679 castrorum,
1273 1638 1376 1684 quae
1420 1621 1639 1667 nondum

231 1711 497 1764 receperat,
536 1699 910 1757 contraderent¹,
938 1699 1193 1744 comitante
1218 1699 1375 1762 ipsum
1399 1697 1518 1761 duce
1540 1698 1639 1743 ssri-

232 1779 428 1837 lamnae,
455 1795 565 1824 cum
588 1777 768 1840 magnis
796 1793 991 1822 suorum
1016 1777 1262 1822 Britonum
1285 1776 1458 1839 copiiS,
1484 1784 1529 1821 et
1552 1792 1640 1821 co-

232 1857 344 1902 mite
380 1856 616 1915 Dunensi,
656 1864 702 1900 et
734 1853 931 1899 domino
968 1853 1027 1899 de
1058 1853 1238 1910 Βιιθίίἓ,
1277 1863 1322 1898 et
1359 1852 1555 1898 domino
1581 1852 1640 1898 de

235 1932 553 1990 Clzczzcmonffi,
595 1948 704 1977 cum
753 1930 1111 1994 quampluribus
1152 1929 1392 1975 nobilibus
1440 1929 1640 1975 ducatus

236 2010 533 2056 Bituricensis
570 2019 616 2054 et
654 2008 753 2054 aliis
789 2008 1031 2053 variorum
1071 2016 1302 2066 statuum,
1343 2007 1449 2068 qui,
1495 2005 1640 2051 solius

234 2087 401 2150 praedae
423 2096 469 2133 et
492 2086 753 2151 spoliorum
781 2085 1082 2130 Normanniae
1108 2085 1251 2146 gratia
1267 2120 1279 2141 ,
1308 2085 1463 2147 ipsum
1483 2100 1636 2130 assec-

235 2165 322 2209 tari
359 2162 658 2221 videbantur‚
688 2161 1037 2223 Rothomagum
1062 2177 1221 2206 versus
1244 2161 1330 2206 iter
1355 2160 1540 2206 direxit.
1571 2159 1640 2205 Ad

236 2257 380 2304 quam
414 2239 580 2286 urbem
613 2238 906 2284 confluentes
929 2254 981 2283 ex
1003 2237 1197 2282 (liversis
1220 2238 1364 2282 totius
1386 2236 1641 2300 provinciae

237 2317 450 2381 partibus
497 2315 674 2380 praelati
715 2323 758 2359 et
788 2313 1000 2371 nobiles,
1039 2315 1138 2376 ejus
1176 2313 1268 2358 illic
1303 2313 1642 2376 operiebantur

237 2394 510 2439 adventum.
542 2396 623 2448 Et,
647 2408 706 2437 ne
732 2401 917 2454 tempus
935 2390 1083 2435 otiose
1107 2399 1152 2435 et
1172 2389 1398 2435 inutiliter
1417 2400 1636 2451 tererent,

238 2471 285 2515 in
322 2469 468 2515 domo
505 2468 777 2514 consulatus
810 2466 1021 2529 ejusdem
1046 2466 1197 2525 urbis,
1226 2467 1493 2529 frequentes
1519 2468 1642 2513 inter

292 2617 309 2651 1
322 2643 330 2651 .
366 2615 649 2659 contenderent,
674 2612 768 2650 (lans
788 2612 822 2649 le
843 2625 912 2648 ms.

295 2676 330 2712 2.
364 2676 458 2710 Jean
482 2672 528 2709 de
550 2671 673 2718 Beuil‚
693 2680 815 2708 comte
833 2671 879 2708 de
900 2673 1096 2709 Sancerre.

294 2735 330 2770 3.
364 2732 492 2769 Pierre
512 2730 746 2778 d’Amboise,
769 2731 946 2782 seigneur
966 2730 1013 2767 de
1033 2729 1463 2767 Chaumont-sur-Loire
