1923 3020
298 260 371 293 154
658 255 997 292 HISTORIARUM
1026 256 1259 293 LUDOVICI
1287 259 1342 293 XI

294 345 446 400 mine,
489 341 749 388 custodiam
772 351 819 387 et
857 340 1109 388 officiarios
1146 341 1206 388 ad
1244 342 1700 395 administrationem

293 422 492 467 civitatis
515 429 559 465 et
583 419 760 482 patriae.

358 500 462 554 Qua
503 495 701 560 perfidia
742 495 869 542 idem
901 495 996 541 (lux
1032 496 1258 542 Borbonii
1294 514 1391 543 non
1430 507 1698 556 contentus,

292 575 515 621 cumdem
539 574 681 619 etiam
705 573 870 619 dolum
893 574 939 618 in
966 574 1199 619 Vernonis
1230 575 1435 638 oppido,
1465 575 1585 621 duce
1615 592 1702 639 op-

293 653 408 698 timo
424 651 724 697 Normanniae
743 651 902 696 omnia
926 667 981 696 ex
1004 650 1130 696 bona
1154 649 1247 697 fide
1267 653 1340 715 agi
1363 653 1534 699 debere
1554 653 1702 700 existi-

292 740 467 788 mante,
507 728 720 788 admisit,
762 729 917 792 ipsum
958 728 1175 790 nequiter
1216 738 1261 774 et
1301 728 1554 776 infideliter
1590 746 1700 794 spo-

291 806 451 853 liando
476 815 522 852 et
545 805 633 851 sub
652 806 772 868 regis
797 815 1073 869 potestatem
1097 804 1409 852 traducendo.

355 883 446 929 Sed
484 893 528 929 et
564 883 675 928 alias
705 883 846 928 etiam
874 883 1016 943 longe
1045 883 1404 945 periculosiores
1431 883 1517 929 sibi
1544 899 1572 929 a
1593 900 1701 946 rege

289 960 483 1007 insidias
509 960 637 1006 idem
668 959 762 1004 dux
793 958 946 1015 tendi,
974 959 1298 1005 advisamento
1324 960 1590 1024 aliquorum
1613 960 1701 1006 sibi

290 1038 701 1093 fidelissimorum,
727 1052 847 1098 quos
868 1036 927 1081 de
953 1035 1252 1098 Rothomago
1277 1053 1437 1082 secum
1467 1038 1514 1082 in
1544 1037 1699 1083 consi-

288 1115 448 1161 liarios
480 1121 818 1176 assumpserat,
858 1111 1067 1173 agnovit.
1108 1112 1290 1156 Certior
1325 1112 1453 1157 enim
1498 1128 1582 1176 per
1619 1128 1701 1157 eos

289 1192 436 1238 factus
467 1191 551 1236 suit
587 1189 699 1251 (qui
727 1188 919 1234 insidias
942 1187 1300 1249 hujuscemodi,
1328 1188 1422 1234 fide
1448 1189 1701 1251 dignorum

289 1269 462 1326 relatu,
511 1275 777 1329 compertas
816 1264 1091 1326 habebant)
1125 1265 1326 1327 qualiter
1368 1265 1427 1311 ad
1473 1265 1603 1312 villas
1641 1266 1701 1312 de

289 1345 496 1392 Conchis
529 1354 573 1389 et
606 1343 665 1389 de
690 1344 918 1405 Passeyo¹
940 1342 1147 1405 aliasque
1177 1343 1355 1388 vicinas
1383 1360 1464 1389 rex
1498 1344 1626 1390 vafre
1656 1354 1701 1390 et

288 1423 480 1482 callide,
506 1421 788 1486 praecedenti
812 1430 953 1466 nocte
970 1457 980 1476 ‚
1013 1421 1211 1466 misisset
1231 1420 1596 1484 quadringentas
1620 1432 1701 1467 aut

289 1503 569 1564 quingentas
593 1500 802 1557 lanceas,
841 1516 867 1545 a
891 1498 1090 1562 quibus,
1115 1515 1225 1544 cum
1252 1498 1351 1544 aliis
1374 1516 1477 1562 quae
1505 1499 1604 1544 sine
1628 1500 1699 1544 in-

290 1579 603 1644 terpolatione
636 1575 969 1633 confluebant,
1015 1585 1155 1621 nocte
1189 1575 1432 1638 proxima,
1471 1576 1558 1620 nisi
1591 1574 1702 1621 inde

289 1654 552 1702 discederet
566 1691 577 1713 ‚
596 1663 695 1700 erat
712 1652 961 1699 obsidione
981 1651 1290 1698 claudendus.
1314 1655 1370 1697 Et
1393 1651 1487 1698 hoc
1507 1651 1700 1715 quidem

288 1815 403 1839 venu.
430 1804 477 1838 Et
504 1809 663 1852 pensant
685 1799 833 1838 mondit
855 1799 1035 1852 seigneur
1061 1801 1109 1838 de
1134 1799 1313 1838 Bourbon
1340 1812 1415 1850 que
1442 1799 1498 1837 les
1524 1798 1701 1836 matieres

287 1875 326 1898 se
343 1861 522 1898 deussent
538 1861 690 1897 traicter
706 1873 773 1910 par
785 1860 986 1906 doulceur,
1005 1859 1030 1896 il
1046 1859 1127 1896 vint
1141 1859 1298 1908 jusques
1316 1860 1335 1894 a
1348 1851 1500 1895 Evreux
1516 1872 1524 1893 ι
1542 1857 1700 1894 l'entree

287 1921 334 1957 de
363 1920 528 1970 laquelle
557 1920 646 1957 ville
678 1919 732 1956 lui
765 1919 820 1955 sut
850 1919 999 1956 refusee
1034 1932 1103 1969 par
1129 1918 1252 1955 Jehan
1285 1917 1331 1954 de
1361 1916 1564 1963 Lorraine,
1599 1929 1700 1953 non-

286 1980 436 2017 obstant
454 1993 528 2029 que
546 1979 692 2016 mondit
713 1979 891 2030 seigneur
908 1978 955 2015 de
973 1977 1155 2015 Bourbon
1174 1978 1239 2029 luy
1257 1985 1340 2014 eust
1359 1977 1413 2013 d1t
1429 1985 1465 2013 et
1481 1975 1630 2012 de'clare
1647 1975 1701 2012 les

287 2052 417 2075 causes
439 2039 486 2076 de
506 2052 545 2075 sa
567 2052 693 2075 venue
717 2047 753 2075 et
772 2037 895 2075 offrist
914 2037 1001 2074 telle
1022 2037 1163 2082 seurte,
1186 2050 1284 2087 pour
1304 2038 1339 2074 le
1360 2036 1423 2073 fait
1446 2035 1492 2072 de
1512 2034 1577 2084 luy
1597 2043 1633 2071 et
1654 2034 1700 2071 de

287 2098 423 2135 ladictc
443 2098 548 2146 ville,
569 2098 662 2148 qu'il
684 2107 766 2134 eust
786 2097 906 2134 voulu
930 2095 1152 2133 demander.
1179 2098 1326 2145 Voyant
1348 2092 1549 2142 lesquelles
1567 2092 1700 2130 choses

287 2156 380 2193 ledit
400 2158 670 2209 monseigneur
691 2157 738 2195 de
758 2157 953 2202 Bourbon,
971 2165 1007 2193 et
1027 2159 1144 2206 qu’on
1161 2156 1265 2193 avoit
1283 2156 1352 2193 mis
1367 2154 1544 2206 garnison
1563 2155 1583 2190 Ξι
1600 2156 1701 2190 Lou-

288 2216 412 2263 viers,
442 2224 479 2252 et
504 2217 594 2265 qu'il
626 2216 737 2253 estoit
762 2216 853 2253 voix
879 2229 1082 2252 commune
1108 2228 1182 2264 que
1214 2223 1325 2266 grant
1354 2212 1514 2250 nombre
1543 2212 1589 2249 de
1611 2225 1700 2262 gens

289 2275 453 2311 d’armes
474 2276 653 2311 venoient
673 2275 778 2312 audit
798 2267 967 2320 Ιῖννθυκ,
990 2274 1137 2311 mondit
1157 2273 1336 2325 seigneur
1356 2272 1403 2309 de
1421 2271 1602 2308 Bourbon
1621 2274 1701 2308 s’en

288 2342 468 2371 retourna
480 2333 583 2369 audit
595 2334 671 2370 lieu
682 2334 728 2370 de
742 2338 887 2371 Dreux.
906 2351 921 2365 n
939 2337 1187 2379 (Documents
1202 2333 1354 2379 inedits‚
1372 2334 1586 2379 fllerzges,
1604 2338 1630 2366 t.
1647 2332 1698 2377 ΙΙ,

289 2409 328 2445 p.
347 2397 456 2438 431.)
478 2394 717 2442 Celwndant,
749 2408 897 2431 comme
915 2394 1078 2430 Thomas
1099 2393 1210 2430 Basin
1238 2392 1384 2430 revicnt
1404 2404 1467 2427 sur
1488 2404 1528 2427 sa
1548 2390 1701 2428 version

290 2454 384 2490 dans
401 2466 466 2489 son
486 2452 670 2502 Apologie
689 2454 731 2498 11.
750 2457 781 2501 Ι,
803 2468 835 2490 c.
854 2469 892 2490 vr
907 2458 933 2501 )‚
953 2463 988 2491 et
1005 2454 1147 2503 qu'une
1168 2454 1255 2490 telle
1275 2452 1476 2490 insistance
1490 2464 1538 2488 ne
1555 2458 1701 2501 permet

291 2526 357 2564 pas
378 2512 425 2549 de
449 2512 572 2549 croire
596 2512 686 2561 qu’il
716 2525 758 2550 se
783 2514 854 2549 soit
880 2516 1029 2564 trompb
1050 2514 1096 2551 de
1118 2523 1198 2551 tout
1218 2514 1345 2564 point,
1370 2513 1393 2549 il
1420 2513 1498 2549 saut
1516 2511 1700 2548 admettre

290 2585 364 2623 que
388 2572 421 2609 le
447 2584 583 2621 moyen
608 2584 678 2621 par
705 2571 828 2621 lequel
853 2574 887 2609 lc
909 2573 981 2609 duc
1009 2573 1055 2609 (le
1085 2573 1264 2610 Bourbon
1293 2572 1481 2622 s'empara
1507 2562 1698 2608 d'Evreux

291 2633 346 2669 sut
373 2646 423 2669 un
448 2631 673 2682 stratageme
693 2630 858 2682 imagine
883 2645 951 2681 par
971 2632 1042 2679 lui,
1064 2634 1174 2682 apres
1195 2633 1286 2683 qu'il
1308 2640 1371 2669 cut
1390 2630 1524 2681 essuye
1544 2630 1579 2667 le
1598 2628 1699 2666 resus

290 2691 338 2729 dc
354 2695 448 2730 Jean
469 2691 515 2728 de
535 2690 731 2728 Lorrainc.

345 2753 359 2787 1
375 2783 381 2789 .
402 2751 572 2789 Conches
589 2760 624 2789 et
643 2752 756 2800 Pacy,
778 2749 1021 2798 aujourd'lmi
1042 2750 1136 2786 dans
1155 2750 1190 2787 le
1208 2750 1467 2800 d‹'·partement
1489 2748 1534 2784 de
1553 2748 1693 2783 l’Eure.
