1923 3020
265 287 340 320 4¹4
627 282 961 320 HISTORIARUM
993 280 1227 316 LUDOVICI
1255 282 1310 316 XI

719 462 1058 508 CAPITULUM
1104 462 1203 505 XII.

450 588 499 618 De
520 586 778 632 expugnatione
800 584 1092 629 Burgundionum
1120 595 1229 629 prope
1252 583 1456 631 Nanceyum
1471 612 1479 627 ‚

761 647 792 671 et
810 638 904 671 caede
920 637 1019 671 ducis
1036 649 1172 670 eorum.

327 758 419 804 Sed
455 774 550 803 non
583 774 640 802 eo
672 757 827 802 minus
860 756 1253 818 Burgundionum
1282 755 1402 813 dux,
1433 756 1541 802 talia
1570 773 1667 802 non

263 837 502 897 ignorans,
524 835 571 879 in
591 850 674 880 sua
694 833 943 879 obsidione
970 832 1208 888 manebat,
1231 832 1363 895 quasi
1386 842 1539 877 certus
1559 833 1671 878 exsi-

262 922 402 958 steret
423 911 482 957 ab
501 910 775 973 hujusmodi
798 911 1006 969 Francis,
1029 909 1091 955 ob
1114 910 1252 954 initas
1273 919 1318 954 et
1339 918 1669 971 procurrentes

264 1000 446 1051 treugas
469 999 629 1053 pactas
656 989 777 1033 inter
800 1004 959 1049 regem
982 999 1028 1032 et
1050 987 1226 1049 ipsum,
1255 986 1441 1031 nullum
1463 985 1551 1032 sibi
1579 985 1670 1031 dis-

262 1069 438 1113 crimen
481 1067 745 1112 imminere.
783 1069 959 1111 Verum
999 1064 1131 1127 quod
1169 1063 1229 1109 ad
1273 1064 1667 1126 expugnationem

263 1144 428 1208 oppidi
445 1143 620 1189 obsessi
634 1143 814 1206 aliquid
831 1142 1068 1204 egregium
1085 1149 1164 1185 aut
1180 1148 1507 1202 opportunum
1527 1149 1670 1185 atten-

263 1230 402 1277 taret,
432 1221 618 1283 penitus
643 1236 739 1264 non
764 1217 1042 1282 apparebat,
1071 1217 1178 1261 licet
1200 1215 1464 1261 incredibili
1488 1216 1671 1263 miseria

262 1315 395 1357 suus,
423 1299 490 1343 uti
515 1297 738 1355 diximus,
767 1295 1113 1340 excruciaretur
1138 1292 1419 1357 [exercitus].
1445 1295 1669 1340 Consule-

265 1375 377 1420 bant
397 1373 483 1419 sibi
513 1373 832 1436 quamplures,
861 1369 1134 1432 hujusmodi
1162 1386 1320 1415 rerum
1349 1369 1670 1416 difficultatem

263 1462 307 1498 et
321 1468 403 1497 sua
419 1450 626 1514 pericula
643 1449 900 1513 prudenter
914 1448 1264 1513 permetientes,
1284 1455 1332 1491 nt
1346 1446 1405 1492 ab
1422 1446 1671 1494 obsidione

264 1530 323 1575 ad
344 1539 529 1592 tempus
552 1527 836 1585 discederet,
866 1536 1006 1588 atque
1028 1527 1074 1570 in
1097 1525 1308 1570 hibernis
1332 1525 1391 1570 ad
1415 1525 1672 1572 refocillan-

264 1609 350 1653 dos
380 1624 490 1653 suos
515 1606 684 1651 milites
708 1605 977 1651 collocaret.
1013 1603 1103 1649 Sed
1132 1604 1246 1667 ipse,
1281 1603 1393 1648 tales
1429 1602 1553 1648 velut
1582 1604 1670 1648 ini-

264 1686 410 1730 micos
443 1693 666 1747 reputans
703 1691 783 1728 aut
816 1682 1082 1745 proditores
1119 1697 1199 1726 seu
1232 1679 1462 1743 perfidOS,
1503 1679 1672 1725 talibus

264 1761 386 1805 sanis
433 1759 638 1805 consiliis
685 1758 952 1804 nullatenus
996 1756 1396 1820 acquiescendum
1439 1756 1666 1816 ducebat3

264 1839 377 1899 quin
409 1839 565 1901 potius
607 1838 813 1883 hostium
854 1837 1111 1882 adventum
1158 1844 1204 1880 et
1232 1844 1468 1880 certamen
1497 1833 1673 1879 habere

264 1931 373 1959 cum
400 1915 510 1978 ipsis
537 1930 824 1977 magnopere
854 1912 1126 1976 exoptabat.
1159 1911 1249 1957 Sed
1279 1920 1424 1970 certe,
1456 1920 1506 1955 ut
1530 1909 1671 1973 paulo

267 2002 371 2054 post
404 1992 579 2055 patuit,
616 2000 743 2037 tanta
777 1991 939 2053 capitis
968 1990 1039 2036 sui
1073 1989 1305 2035 temeritas
1336 1987 1542 2052 pericula
1573 2003 1669 2033 non

267 2071 427 2115 evasit.

331 2147 543 2193 Habebat
571 2147 698 2192 enim
729 2162 923 2209 parvam
957 2143 1155 2189 militum
1186 2159 1404 2199 manum,
1440 2157 1542 2203 quae
1573 2157 1671 2186 non

268 2224 327 2270 ad
353 2235 460 2269 octo
487 2225 630 2270 millia
652 2224 882 2280 virorum,
907 2233 1002 2267 tam
1030 2223 1243 2284 equitum
1268 2235 1410 2282 quam
1437 2219 1667 2282 peditum,

270 2301 521 2365 putabatur
562 2300 839 2358 ascendere3
875 2309 1014 2361 atque
1049 2298 1259 2362 profecto
1302 2297 1359 2340 ad
1399 2312 1480 2340 eos
1509 2297 1670 2358 oppri-

271 2377 467 2421 mendos
505 2378 696 2421 minime
734 2376 992 2421 neccssaria
1030 2385 1127 2419 erat
1162 2372 1343 2417 hostilis
1379 2373 1668 2433 congressio,

271 2455 357 2498 nisi
386 2453 643 2499 admodum
673 2470 840 2516 parva,
874 2453 955 2515 qui
985 2462 1029 2497 et
1060 2450 1357 2496 inclementia
1386 2449 1673 2509 rigidissimae

269 2531 459 2587 hiemis,
493 2539 536 2575 et
566 2530 685 2574 same
714 2540 853 2591 atque
879 2529 1063 2592 inopia,
1094 2528 1232 2572 variis
1261 2527 1402 2571 etiam
1427 2524 1604 2570 morbis
1628 2533 1672 2570 et

270 2607 574 2670 languoribus
589 2606 685 2668 jam
700 2622 829 2668 parne
849 2605 1051 2650 consecti
1065 2605 1358 2650 etexanimes
1377 2611 1523 2647 erant.
1541 2600 1670 2646 Adde

271 2686 401 2750 quod
428 2687 583 2749 plures
614 2685 751 2730 etiam
786 2694 917 2729 erant
950 2685 996 2728 in
1027 2684 1189 2729 castris
1216 2682 1303 2727 illis
1332 2682 1557 2736 inermes,
1590 2678 1669 2739 qui

274 2764 342 2810 vcl
368 2781 494 2810 arma
523 2780 608 2826 pro
638 2761 815 2806 cibario
841 2776 961 2823 pane
990 2759 1324 2816 vendiderant,
1353 2757 1420 2801 vel
1450 2754 1670 2818 pecunias
