<?xml version="1.0" encoding="UTF-8"?>
<!DOCTYPE html PUBLIC "-//W3C//DTD XHTML 1.0 Transitional//EN"
    "http://www.w3.org/TR/xhtml1/DTD/xhtml1-transitional.dtd">
<html xmlns="http://www.w3.org/1999/xhtml" xml:lang="en" lang="en">
 <head>
  <title>
</title>
<meta http-equiv="Content-Type" content="text/html;charset=utf-8" />
  <meta name='ocr-system' content='tesseract 3.04.00' />
  <meta name='ocr-capabilities' content='ocr_page ocr_carea ocr_par ocr_line ocrx_word'/>
</head>
<body>
  <div class='ocr_page' id='page_1' title='image "./histoiredesrgn02basi_0096.png"; bbox 0 0 1923 3020; ppageno 0'>
   <div class='ocr_carea' id='block_1_1' title="bbox 300 271 1342 307">
    <p class='ocr_par' dir='ltr' id='par_1_1' title="bbox 300 271 1342 307">
     <span class='ocr_line' id='line_1_1' title="bbox 300 271 1342 307; baseline -0.003 0"><span class='ocrx_word' id='word_1_1' title='bbox 300 273 343 307; x_wconf 82' lang='lat'>16</span> <span class='ocrx_word' id='word_1_2' title='bbox 660 272 995 307; x_wconf 83' lang='lat' dir='ltr'>HISTORIARUM</span> <span class='ocrx_word' id='word_1_3' title='bbox 1023 271 1257 307; x_wconf 83' lang='lat' dir='ltr'>LUDOV1C1</span> <span class='ocrx_word' id='word_1_4' title='bbox 1285 271 1342 305; x_wconf 86' lang='lat' dir='ltr'>XI</span> 
     </span>
    </p>
   </div>
   <div class='ocr_carea' id='block_1_2' title="bbox 291 353 1707 2260">
    <p class='ocr_par' dir='ltr' id='par_1_2' title="bbox 291 353 1707 1860">
     <span class='ocr_line' id='line_1_2' title="bbox 297 353 1699 420; baseline -0.003 -16"><span class='ocrx_word' id='word_1_5' title='bbox 297 375 463 420; x_wconf 80' lang='lat' dir='ltr'>magna</span> <span class='ocrx_word' id='word_1_6' title='bbox 494 367 634 420; x_wconf 82' lang='lat' dir='ltr'>atque</span> <span class='ocrx_word' id='word_1_7' title='bbox 666 358 814 404; x_wconf 90' lang='lat' dir='ltr'>nobili</span> <span class='ocrx_word' id='word_1_8' title='bbox 841 358 953 403; x_wconf 87' lang='lat' dir='ltr'>cleri</span> <span class='ocrx_word' id='word_1_9' title='bbox 987 366 1173 402; x_wconf 73' lang='lat' dir='ltr'>caterva</span> <span class='ocrx_word' id='word_1_10' title='bbox 1205 357 1407 419; x_wconf 83' lang='lat' dir='ltr'>stipato,</span> <span class='ocrx_word' id='word_1_11' title='bbox 1444 353 1699 400; x_wconf 85' lang='lat' dir='ltr'>honorabi-</span> 
     </span>
     <span class='ocr_line' id='line_1_3' title="bbox 295 433 1699 498; baseline -0.004 -18"><span class='ocrx_word' id='word_1_12' title='bbox 295 435 399 480; x_wconf 80' lang='lat' dir='ltr'>liter</span> <span class='ocrx_word' id='word_1_13' title='bbox 422 444 489 479; x_wconf 89' lang='lat' dir='ltr'>est</span> <span class='ocrx_word' id='word_1_14' title='bbox 513 444 750 498; x_wconf 81' lang='lat' dir='ltr'>exceptus.</span> <span class='ocrx_word' id='word_1_15' title='bbox 786 434 877 489; x_wconf 88' lang='lat' dir='ltr'>Qui</span> <span class='ocrx_word' id='word_1_16' title='bbox 913 434 1053 479; x_wconf 85' lang='lat' dir='ltr'>etiam</span> <span class='ocrx_word' id='word_1_17' title='bbox 1081 433 1349 494; x_wconf 85' lang='lat' dir='ltr'>juramenta</span> <span class='ocrx_word' id='word_1_18' title='bbox 1380 447 1483 494; x_wconf 86' lang='lat' dir='ltr'>quae</span> <span class='ocrx_word' id='word_1_19' title='bbox 1505 439 1699 495; x_wconf 85' lang='lat' dir='ltr'>perante</span> 
     </span>
     <span class='ocr_line' id='line_1_4' title="bbox 297 507 1699 573; baseline -0.001 -18"><span class='ocrx_word' id='word_1_20' title='bbox 297 511 466 566; x_wconf 82' lang='lat' dir='ltr'>Remis,</span> <span class='ocrx_word' id='word_1_21' title='bbox 495 512 541 556; x_wconf 91' lang='lat' dir='ltr'>in</span> <span class='ocrx_word' id='word_1_22' title='bbox 568 528 650 556; x_wconf 88' lang='lat' dir='ltr'>sua</span> <span class='ocrx_word' id='word_1_23' title='bbox 674 512 1031 556; x_wconf 86' lang='lat' dir='ltr'>consecratione</span> <span class='ocrx_word' id='word_1_24' title='bbox 1049 547 1060 566; x_wconf 79' lang='lat'>‚</span> <span class='ocrx_word' id='word_1_25' title='bbox 1088 510 1383 573; x_wconf 68' lang='lat' dir='ltr'>praestiterat,</span> <span class='ocrx_word' id='word_1_26' title='bbox 1410 508 1467 553; x_wconf 92' lang='lat' dir='ltr'>de</span> <span class='ocrx_word' id='word_1_27' title='bbox 1492 507 1699 570; x_wconf 84' lang='lat' dir='ltr'>regendo</span> 
     </span>
     <span class='ocr_line' id='line_1_5' title="bbox 294 584 1702 650; baseline -0.001 -19"><span class='ocrx_word' id='word_1_28' title='bbox 294 586 511 633; x_wconf 87' lang='lat' dir='ltr'>videlicet</span> <span class='ocrx_word' id='word_1_29' title='bbox 537 598 582 633; x_wconf 89' lang='lat' dir='ltr'>et</span> <span class='ocrx_word' id='word_1_30' title='bbox 608 587 785 633; x_wconf 81' lang='lat' dir='ltr'>tuendo</span> <span class='ocrx_word' id='word_1_31' title='bbox 810 604 1006 648; x_wconf 81' lang='lat' dir='ltr'>regumn</span> <span class='ocrx_word' id='word_1_32' title='bbox 1030 587 1258 650; x_wconf 79' lang='lat' dir='ltr'>regnique</span> <span class='ocrx_word' id='word_1_33' title='bbox 1283 585 1467 632; x_wconf 80' lang='lat' dir='ltr'>accolas</span> <span class='ocrx_word' id='word_1_34' title='bbox 1491 584 1550 630; x_wconf 84' lang='lat' dir='ltr'>al)</span> <span class='ocrx_word' id='word_1_35' title='bbox 1576 584 1702 646; x_wconf 87' lang='lat' dir='ltr'>iuju-</span> 
     </span>
     <span class='ocr_line' id='line_1_6' title="bbox 295 660 1700 724; baseline -0.002 -17"><span class='ocrx_word' id='word_1_36' title='bbox 295 663 372 708; x_wconf 87' lang='lat' dir='ltr'>riis</span> <span class='ocrx_word' id='word_1_37' title='bbox 389 699 400 720; x_wconf 73' lang='lat'><strong><em>⁷</em></strong></span> <span class='ocrx_word' id='word_1_38' title='bbox 443 663 715 724; x_wconf 81' lang='lat' dir='ltr'><strong>eisdemque</strong></span> <span class='ocrx_word' id='word_1_39' title='bbox 759 662 1069 708; x_wconf 83' lang='lat' dir='ltr'>ministrando</span> <span class='ocrx_word' id='word_1_40' title='bbox 1117 672 1162 706; x_wconf 88' lang='lat' dir='ltr'>et</span> <span class='ocrx_word' id='word_1_41' title='bbox 1203 661 1472 707; x_wconf 80' lang='lat' dir='ltr'>exhibendo</span> <span class='ocrx_word' id='word_1_42' title='bbox 1515 660 1700 723; x_wconf 86' lang='lat' dir='ltr'>justitiae</span> 
     </span>
     <span class='ocr_line' id='line_1_7' title="bbox 294 737 1700 803; baseline -0.003 -18"><span class='ocrx_word' id='word_1_43' title='bbox 294 739 696 803; x_wconf 81' lang='lat' dir='ltr'>complementum</span> <span class='ocrx_word' id='word_1_44' title='bbox 724 775 735 797; x_wconf 86' lang='lat'>‚</span> <span class='ocrx_word' id='word_1_45' title='bbox 787 739 991 785; x_wconf 87' lang='lat' dir='ltr'>ecclesiis</span> <span class='ocrx_word' id='word_1_46' title='bbox 1033 749 1078 784; x_wconf 92' lang='lat' dir='ltr'>et</span> <span class='ocrx_word' id='word_1_47' title='bbox 1122 738 1443 784; x_wconf 85' lang='lat' dir='ltr'>ecclesiasticis</span> <span class='ocrx_word' id='word_1_48' title='bbox 1488 737 1700 801; x_wconf 89' lang='lat' dir='ltr'>personis</span> 
     </span>
     <span class='ocr_line' id='line_1_8' title="bbox 294 817 1700 880; baseline -0.001 -18"><span class='ocrx_word' id='word_1_49' title='bbox 294 817 620 863; x_wconf 74' lang='lat' dir='ltr'>conservando</span> <span class='ocrx_word' id='word_1_50' title='bbox 654 817 945 880; x_wconf 81' lang='lat' dir='ltr'>privilegium</span> <span class='ocrx_word' id='word_1_51' title='bbox 976 817 1303 876; x_wconf 55' lang='lat' dir='ltr'>canonicum,</span> <span class='ocrx_word' id='word_1_52' title='bbox 1337 833 1446 862; x_wconf 91' lang='lat' dir='ltr'>eum</span> <span class='ocrx_word' id='word_1_53' title='bbox 1486 825 1700 879; x_wconf 61' lang='lat' dir='ltr'>praestare</span> 
     </span>
     <span class='ocr_line' id='line_1_9' title="bbox 295 891 1701 956; baseline -0.001 -18"><span class='ocrx_word' id='word_1_54' title='bbox 295 903 436 956; x_wconf 82' lang='lat' dir='ltr'>atque</span> <span class='ocrx_word' id='word_1_55' title='bbox 460 894 626 938; x_wconf 87' lang='lat' dir='ltr'>iterare</span> <span class='ocrx_word' id='word_1_56' title='bbox 651 893 772 951; x_wconf 85' lang='lat' dir='ltr'>fecit,</span> <span class='ocrx_word' id='word_1_57' title='bbox 795 893 927 954; x_wconf 78' lang='lat' dir='ltr'>juxta</span> <span class='ocrx_word' id='word_1_58' title='bbox 952 893 1094 937; x_wconf 88' lang='lat' dir='ltr'>ritum</span> <span class='ocrx_word' id='word_1_59' title='bbox 1120 902 1165 938; x_wconf 89' lang='lat' dir='ltr'>et</span> <span class='ocrx_word' id='word_1_60' title='bbox 1190 909 1373 938; x_wconf 86' lang='lat' dir='ltr'>morem</span> <span class='ocrx_word' id='word_1_61' title='bbox 1393 891 1701 955; x_wconf 73' lang='lat' dir='ltr'>praedecesso-</span> 
     </span>
     <span class='ocr_line' id='line_1_10' title="bbox 297 967 1701 1032; baseline -0.001 -17"><span class='ocrx_word' id='word_1_62' title='bbox 297 986 400 1015; x_wconf 89' lang='lat' dir='ltr'>rum</span> <span class='ocrx_word' id='word_1_63' title='bbox 433 986 645 1015; x_wconf 87' lang='lat' dir='ltr'>suorum.</span> <span class='ocrx_word' id='word_1_64' title='bbox 690 972 835 1014; x_wconf 89' lang='lat' dir='ltr'>Porro</span> <span class='ocrx_word' id='word_1_65' title='bbox 868 970 1142 1032; x_wconf 77' lang='lat' dir='ltr'>priusquam</span> <span class='ocrx_word' id='word_1_66' title='bbox 1169 968 1336 1014; x_wconf 86' lang='lat' dir='ltr'>urbem</span> <span class='ocrx_word' id='word_1_67' title='bbox 1360 969 1603 1025; x_wconf 81' lang='lat' dir='ltr'>introiret,</span> <span class='ocrx_word' id='word_1_68' title='bbox 1641 967 1701 1015; x_wconf 87' lang='lat' dir='ltr'>ab</span> 
     </span>
     <span class='ocr_line' id='line_1_11' title="bbox 297 1043 1701 1110; baseline -0.002 -18"><span class='ocrx_word' id='word_1_69' title='bbox 297 1046 467 1093; x_wconf 89' lang='lat' dir='ltr'>eodem</span> <span class='ocrx_word' id='word_1_70' title='bbox 490 1046 713 1110; x_wconf 81' lang='lat' dir='ltr'>pontifice</span> <span class='ocrx_word' id='word_1_71' title='bbox 738 1046 826 1091; x_wconf 85' lang='lat' dir='ltr'>sibi</span> <span class='ocrx_word' id='word_1_72' title='bbox 851 1046 981 1109; x_wconf 88' lang='lat' dir='ltr'>petiit</span> <span class='ocrx_word' id='word_1_73' title='bbox 1003 1044 1188 1090; x_wconf 91' lang='lat' dir='ltr'>ostendi</span> <span class='ocrx_word' id='word_1_74' title='bbox 1207 1044 1411 1108; x_wconf 85' lang='lat' dir='ltr'>capitula</span> <span class='ocrx_word' id='word_1_75' title='bbox 1428 1043 1701 1107; x_wconf 90' lang='lat' dir='ltr'>hujusmodi</span> 
     </span>
     <span class='ocr_line' id='line_1_12' title="bbox 291 1121 1703 1185; baseline -0.001 -17"><span class='ocrx_word' id='word_1_76' title='bbox 291 1124 565 1185; x_wconf 87' lang='lat' dir='ltr'>juramenti.</span> <span class='ocrx_word' id='word_1_77' title='bbox 595 1127 708 1180; x_wconf 62' lang='lat' dir='ltr'>Quae</span> <span class='ocrx_word' id='word_1_78' title='bbox 732 1140 841 1168; x_wconf 86' lang='lat' dir='ltr'>eum</span> <span class='ocrx_word' id='word_1_79' title='bbox 864 1139 919 1167; x_wconf 75' lang='lat' dir='ltr'>ex</span> <span class='ocrx_word' id='word_1_80' title='bbox 943 1123 1133 1167; x_wconf 70' lang='lat' dir='ltr'>vetustis</span> <span class='ocrx_word' id='word_1_81' title='bbox 1158 1121 1360 1167; x_wconf 85' lang='lat' dir='ltr'>ecclesiae</span> <span class='ocrx_word' id='word_1_82' title='bbox 1384 1121 1540 1181; x_wconf 84' lang='lat' dir='ltr'>libris,</span> <span class='ocrx_word' id='word_1_83' title='bbox 1571 1122 1703 1184; x_wconf 81' lang='lat' dir='ltr'>juxta</span> 
     </span>
     <span class='ocr_line' id='line_1_13' title="bbox 296 1198 1701 1262; baseline -0.001 -17"><span class='ocrx_word' id='word_1_84' title='bbox 296 1210 524 1245; x_wconf 83' lang='lat' dir='ltr'>vetustam</span> <span class='ocrx_word' id='word_1_85' title='bbox 548 1200 782 1262; x_wconf 86' lang='lat' dir='ltr'>descripta</span> <span class='ocrx_word' id='word_1_86' title='bbox 804 1198 1225 1256; x_wconf 81' lang='lat' dir='ltr'>consuetudinem,</span> <span class='ocrx_word' id='word_1_87' title='bbox 1267 1199 1354 1244; x_wconf 81' lang='lat' dir='ltr'>sibi</span> <span class='ocrx_word' id='word_1_88' title='bbox 1378 1209 1563 1245; x_wconf 88' lang='lat' dir='ltr'>ostensa</span> <span class='ocrx_word' id='word_1_89' title='bbox 1592 1199 1701 1244; x_wconf 85' lang='lat' dir='ltr'>fuis-</span> 
     </span>
     <span class='ocr_line' id='line_1_14' title="bbox 297 1275 1703 1338; baseline -0.001 -15"><span class='ocrx_word' id='word_1_90' title='bbox 297 1288 417 1335; x_wconf 82' lang='lat' dir='ltr'>sent,</span> <span class='ocrx_word' id='word_1_91' title='bbox 445 1277 608 1323; x_wconf 85' lang='lat' dir='ltr'>eadem</span> <span class='ocrx_word' id='word_1_92' title='bbox 633 1276 716 1321; x_wconf 89' lang='lat' dir='ltr'>diu</span> <span class='ocrx_word' id='word_1_93' title='bbox 740 1276 849 1320; x_wconf 86' lang='lat' dir='ltr'>satis</span> <span class='ocrx_word' id='word_1_94' title='bbox 874 1276 1188 1338; x_wconf 82' lang='lat' dir='ltr'>praestiturum</span> <span class='ocrx_word' id='word_1_95' title='bbox 1211 1293 1258 1321; x_wconf 89' lang='lat' dir='ltr'>se</span> <span class='ocrx_word' id='word_1_96' title='bbox 1279 1277 1480 1338; x_wconf 74' lang='lat' dir='ltr'>negavit,</span> <span class='ocrx_word' id='word_1_97' title='bbox 1508 1275 1570 1321; x_wconf 89' lang='lat' dir='ltr'>ob</span> <span class='ocrx_word' id='word_1_98' title='bbox 1588 1276 1703 1321; x_wconf 90' lang='lat' dir='ltr'>illud</span> 
     </span>
     <span class='ocr_line' id='line_1_15' title="bbox 298 1351 1703 1418; baseline -0.001 -18"><span class='ocrx_word' id='word_1_99' title='bbox 298 1356 585 1418; x_wconf 65' lang='lat' dir='ltr'>praecipuum</span> <span class='ocrx_word' id='word_1_100' title='bbox 604 1352 863 1416; x_wconf 87' lang='lat' dir='ltr'>capitulum</span> <span class='ocrx_word' id='word_1_101' title='bbox 885 1351 1016 1415; x_wconf 86' lang='lat' dir='ltr'>quod</span> <span class='ocrx_word' id='word_1_102' title='bbox 1039 1353 1255 1398; x_wconf 86' lang='lat' dir='ltr'>ecclesias</span> <span class='ocrx_word' id='word_1_103' title='bbox 1277 1353 1703 1415; x_wconf 84' lang='lat' dir='ltr'>ecclesiasticasque</span> 
     </span>
     <span class='ocr_line' id='line_1_16' title="bbox 299 1430 1705 1495; baseline -0.002 -17"><span class='ocrx_word' id='word_1_104' title='bbox 299 1449 522 1495; x_wconf 78' lang='lat' dir='ltr'>personas</span> <span class='ocrx_word' id='word_1_105' title='bbox 556 1431 743 1495; x_wconf 86' lang='lat' dir='ltr'>respicit</span> <span class='ocrx_word' id='word_1_106' title='bbox 777 1440 820 1476; x_wconf 90' lang='lat' dir='ltr'>et</span> <span class='ocrx_word' id='word_1_107' title='bbox 848 1430 1094 1492; x_wconf 80' lang='lat' dir='ltr'>contingit.</span> <span class='ocrx_word' id='word_1_108' title='bbox 1138 1432 1204 1474; x_wconf 77' lang='lat' dir='ltr'>Ex</span> <span class='ocrx_word' id='word_1_109' title='bbox 1237 1447 1332 1493; x_wconf 86' lang='lat' dir='ltr'>quo</span> <span class='ocrx_word' id='word_1_110' title='bbox 1368 1431 1475 1476; x_wconf 86' lang='lat' dir='ltr'>satis</span> <span class='ocrx_word' id='word_1_111' title='bbox 1508 1431 1705 1493; x_wconf 80' lang='lat' dir='ltr'>qualiter</span> 
     </span>
     <span class='ocr_line' id='line_1_17' title="bbox 298 1506 1704 1569; baseline -0.001 -16"><span class='ocrx_word' id='word_1_112' title='bbox 298 1508 559 1553; x_wconf 84' lang='lat' dir='ltr'>afficeretur</span> <span class='ocrx_word' id='word_1_113' title='bbox 599 1506 813 1552; x_wconf 81' lang='lat' dir='ltr'>Ecclesiae</span> <span class='ocrx_word' id='word_1_114' title='bbox 854 1516 994 1568; x_wconf 86' lang='lat' dir='ltr'>atque</span> <span class='ocrx_word' id='word_1_115' title='bbox 1037 1506 1278 1567; x_wconf 80' lang='lat' dir='ltr'>religioni,</span> <span class='ocrx_word' id='word_1_116' title='bbox 1323 1506 1476 1552; x_wconf 82' lang='lat' dir='ltr'>verbis</span> <span class='ocrx_word' id='word_1_117' title='bbox 1512 1506 1704 1569; x_wconf 84' lang='lat' dir='ltr'>quidem</span> 
     </span>
     <span class='ocr_line' id='line_1_18' title="bbox 300 1581 1707 1646; baseline -0.001 -18"><span class='ocrx_word' id='word_1_118' title='bbox 300 1594 420 1642; x_wconf 81' lang='lat' dir='ltr'>tum,</span> <span class='ocrx_word' id='word_1_119' title='bbox 460 1583 541 1628; x_wconf 91' lang='lat' dir='ltr'>sed</span> <span class='ocrx_word' id='word_1_120' title='bbox 567 1584 706 1645; x_wconf 82' lang='lat' dir='ltr'>longe</span> <span class='ocrx_word' id='word_1_121' title='bbox 731 1581 932 1644; x_wconf 89' lang='lat' dir='ltr'>amplius</span> <span class='ocrx_word' id='word_1_122' title='bbox 956 1591 999 1626; x_wconf 91' lang='lat' dir='ltr'>et</span> <span class='ocrx_word' id='word_1_123' title='bbox 1024 1581 1307 1627; x_wconf 82' lang='lat' dir='ltr'>luculentius</span> <span class='ocrx_word' id='word_1_124' title='bbox 1339 1582 1467 1629; x_wconf 83' lang='lat' dir='ltr'>factis</span> <span class='ocrx_word' id='word_1_125' title='bbox 1495 1582 1707 1646; x_wconf 80' lang='lat' dir='ltr'>plurimis</span> 
     </span>
     <span class='ocr_line' id='line_1_19' title="bbox 301 1659 1702 1723; baseline -0.001 -17"><span class='ocrx_word' id='word_1_126' title='bbox 301 1660 628 1723; x_wconf 80' lang='lat' dir='ltr'>postmodum,</span> <span class='ocrx_word' id='word_1_127' title='bbox 659 1659 905 1716; x_wconf 70' lang='lat' dir='ltr'>indicavit3</span> <span class='ocrx_word' id='word_1_128' title='bbox 933 1659 1177 1704; x_wconf 72' lang='lat' dir='ltr'>convictus</span> <span class='ocrx_word' id='word_1_129' title='bbox 1197 1668 1354 1704; x_wconf 88' lang='lat' dir='ltr'>tamen</span> <span class='ocrx_word' id='word_1_130' title='bbox 1383 1669 1482 1704; x_wconf 87' lang='lat' dir='ltr'>tum</span> <span class='ocrx_word' id='word_1_131' title='bbox 1506 1659 1702 1719; x_wconf 83' lang='lat' dir='ltr'>ratione,</span> 
     </span>
     <span class='ocr_line' id='line_1_20' title="bbox 301 1735 1706 1800; baseline -0.001 -18"><span class='ocrx_word' id='word_1_132' title='bbox 301 1749 401 1783; x_wconf 90' lang='lat' dir='ltr'>tum</span> <span class='ocrx_word' id='word_1_133' title='bbox 434 1747 624 1782; x_wconf 45' lang='lat' dir='ltr'>vetusta}</span> <span class='ocrx_word' id='word_1_134' title='bbox 647 1736 1004 1782; x_wconf 80' lang='lat' dir='ltr'>consuetudinis</span> <span class='ocrx_word' id='word_1_135' title='bbox 1038 1736 1346 1796; x_wconf 82' lang='lat' dir='ltr'>auctoritate,</span> <span class='ocrx_word' id='word_1_136' title='bbox 1382 1737 1482 1799; x_wconf 88' lang='lat' dir='ltr'>ipsa</span> <span class='ocrx_word' id='word_1_137' title='bbox 1505 1735 1706 1800; x_wconf 81' lang='lat' dir='ltr'>capitula</span> 
     </span>
     <span class='ocr_line' id='line_1_21' title="bbox 300 1812 1335 1860; baseline -0.002 0"><span class='ocrx_word' id='word_1_138' title='bbox 300 1824 594 1860; x_wconf 81' lang='lat' dir='ltr'>sacramento</span> <span class='ocrx_word' id='word_1_139' title='bbox 618 1813 818 1859; x_wconf 82' lang='lat' dir='ltr'>solemni</span> <span class='ocrx_word' id='word_1_140' title='bbox 845 1812 1095 1859; x_wconf 73' lang='lat' dir='ltr'>observare</span> <span class='ocrx_word' id='word_1_141' title='bbox 1115 1812 1335 1858; x_wconf 78' lang='lat' dir='ltr'>firmavit.</span> 
     </span>
    </p>

    <p class='ocr_par' dir='ltr' id='par_1_3' title="bbox 303 1888 1706 2260">
     <span class='ocr_line' id='line_1_22' title="bbox 368 1888 1706 1951; baseline 0.001 -17"><span class='ocrx_word' id='word_1_142' title='bbox 368 1893 579 1951; x_wconf 87' lang='lat' dir='ltr'>Longum</span> <span class='ocrx_word' id='word_1_143' title='bbox 602 1890 740 1934; x_wconf 90' lang='lat' dir='ltr'>nimis</span> <span class='ocrx_word' id='word_1_144' title='bbox 765 1899 883 1934; x_wconf 86' lang='lat' dir='ltr'>esset</span> <span class='ocrx_word' id='word_1_145' title='bbox 905 1899 948 1934; x_wconf 91' lang='lat' dir='ltr'>et</span> <span class='ocrx_word' id='word_1_146' title='bbox 969 1888 1231 1950; x_wconf 79' lang='lat' dir='ltr'>legentibus</span> <span class='ocrx_word' id='word_1_147' title='bbox 1255 1889 1408 1934; x_wconf 82' lang='lat' dir='ltr'>forsan</span> <span class='ocrx_word' id='word_1_148' title='bbox 1431 1890 1585 1935; x_wconf 88' lang='lat' dir='ltr'>minus</span> <span class='ocrx_word' id='word_1_149' title='bbox 1607 1907 1706 1936; x_wconf 82' lang='lat' dir='ltr'>cre-</span> 
     </span>
     <span class='ocr_line' id='line_1_23' title="bbox 303 1965 1705 2029; baseline 0.001 -19"><span class='ocrx_word' id='word_1_150' title='bbox 303 1966 446 2011; x_wconf 83' lang='lat' dir='ltr'>dibile</span> <span class='ocrx_word' id='word_1_151' title='bbox 468 1976 726 2029; x_wconf 80' lang='lat' dir='ltr'>putaretur‚</span> <span class='ocrx_word' id='word_1_152' title='bbox 756 1967 790 2011; x_wconf 83' lang='lat' dir='ltr'>si</span> <span class='ocrx_word' id='word_1_153' title='bbox 813 1965 1298 2027; x_wconf 82' lang='lat' dir='ltr'>magnificentissimos</span> <span class='ocrx_word' id='word_1_154' title='bbox 1318 1966 1705 2012; x_wconf 85' lang='lat' dir='ltr'>vestimentorum</span> 
     </span>
     <span class='ocr_line' id='line_1_24' title="bbox 303 2041 1706 2105; baseline 0.001 -19"><span class='ocrx_word' id='word_1_155' title='bbox 303 2057 355 2086; x_wconf 87' lang='lat' dir='ltr'>ao</span> <span class='ocrx_word' id='word_1_156' title='bbox 383 2044 824 2104; x_wconf 84' lang='lat' dir='ltr'>pretiosissimorum</span> <span class='ocrx_word' id='word_1_157' title='bbox 845 2051 1056 2098; x_wconf 84' lang='lat' dir='ltr'>ornatus,</span> <span class='ocrx_word' id='word_1_158' title='bbox 1083 2041 1254 2104; x_wconf 85' lang='lat' dir='ltr'>quibus</span> <span class='ocrx_word' id='word_1_159' title='bbox 1277 2051 1377 2088; x_wconf 90' lang='lat' dir='ltr'>tum</span> <span class='ocrx_word' id='word_1_160' title='bbox 1399 2042 1542 2087; x_wconf 90' lang='lat' dir='ltr'>duces</span> <span class='ocrx_word' id='word_1_161' title='bbox 1567 2053 1706 2105; x_wconf 84' lang='lat' dir='ltr'>atque</span> 
     </span>
     <span class='ocr_line' id='line_1_25' title="bbox 309 2117 1706 2182; baseline 0.001 -20"><span class='ocrx_word' id='word_1_162' title='bbox 309 2117 567 2180; x_wconf 83' lang='lat' dir='ltr'>principes,</span> <span class='ocrx_word' id='word_1_163' title='bbox 608 2129 707 2164; x_wconf 87' lang='lat' dir='ltr'>tum</span> <span class='ocrx_word' id='word_1_164' title='bbox 734 2120 875 2165; x_wconf 83' lang='lat' dir='ltr'>etiam</span> <span class='ocrx_word' id='word_1_165' title='bbox 906 2118 1078 2181; x_wconf 82' lang='lat' dir='ltr'>quibus</span> <span class='ocrx_word' id='word_1_166' title='bbox 1103 2119 1369 2165; x_wconf 80' lang='lat' dir='ltr'>insidebant</span> <span class='ocrx_word' id='word_1_167' title='bbox 1397 2120 1505 2182; x_wconf 86' lang='lat' dir='ltr'>equi</span> <span class='ocrx_word' id='word_1_168' title='bbox 1531 2119 1590 2164; x_wconf 86' lang='lat' dir='ltr'>ad</span> <span class='ocrx_word' id='word_1_169' title='bbox 1618 2129 1706 2165; x_wconf 88' lang='lat' dir='ltr'>ter-</span> 
     </span>
     <span class='ocr_line' id='line_1_26' title="bbox 307 2196 1702 2260; baseline 0.001 -22"><span class='ocrx_word' id='word_1_170' title='bbox 307 2211 403 2239; x_wconf 83' lang='lat' dir='ltr'>ram</span> <span class='ocrx_word' id='word_1_171' title='bbox 423 2213 569 2258; x_wconf 82' lang='lat' dir='ltr'>usque</span> <span class='ocrx_word' id='word_1_172' title='bbox 591 2207 873 2259; x_wconf 80' lang='lat' dir='ltr'>tegerentur,</span> <span class='ocrx_word' id='word_1_173' title='bbox 900 2196 1071 2242; x_wconf 81' lang='lat' dir='ltr'>referre</span> <span class='ocrx_word' id='word_1_174' title='bbox 1090 2213 1173 2260; x_wconf 89' lang='lat' dir='ltr'>per</span> <span class='ocrx_word' id='word_1_175' title='bbox 1188 2196 1367 2259; x_wconf 85' lang='lat' dir='ltr'>singula</span> <span class='ocrx_word' id='word_1_176' title='bbox 1388 2212 1702 2259; x_wconf 81' lang='lat' dir='ltr'>pergeremus.</span> 
     </span>
    </p>
   </div>
   <div class='ocr_carea' id='block_1_3' title="bbox 310 2337 1713 2803">
    <p class='ocr_par' dir='ltr' id='par_1_4' title="bbox 310 2337 1713 2803">
     <span class='ocr_line' id='line_1_27' title="bbox 361 2337 1709 2389; baseline 0.003 -17"><span class='ocrx_word' id='word_1_177' title='bbox 361 2339 397 2374; x_wconf 85' lang='lat'>1.</span> <span class='ocrx_word' id='word_1_178' title='bbox 430 2339 480 2373; x_wconf 86' lang='lat' dir='ltr'>Le</span> <span class='ocrx_word' id='word_1_179' title='bbox 505 2350 573 2372; x_wconf 86' lang='lat' dir='ltr'>ms.</span> <span class='ocrx_word' id='word_1_180' title='bbox 609 2346 714 2387; x_wconf 78' lang='lat' dir='ltr'>porte</span> <span class='ocrx_word' id='word_1_181' title='bbox 744 2342 882 2382; x_wconf 58' lang='lat' dir='ltr'>cariffi„</span> <span class='ocrx_word' id='word_1_182' title='bbox 903 2337 1148 2374; x_wconf 69' lang='lat' dir='ltr'>c&#39;est-ii-dire</span> <span class='ocrx_word' id='word_1_183' title='bbox 1172 2351 1245 2374; x_wconf 76' lang='lat' dir='ltr'>une</span> <span class='ocrx_word' id='word_1_184' title='bbox 1265 2338 1371 2387; x_wconf 65' lang='lat' dir='ltr'>leqon</span> <span class='ocrx_word' id='word_1_185' title='bbox 1392 2338 1642 2389; x_wconf 76' lang='lat' dir='ltr'>insigniliante</span> <span class='ocrx_word' id='word_1_186' title='bbox 1662 2352 1709 2376; x_wconf 90' lang='lat' dir='ltr'>au</span> 
     </span>
     <span class='ocr_line' id='line_1_28' title="bbox 310 2394 1710 2448; baseline 0.001 -16"><span class='ocrx_word' id='word_1_187' title='bbox 310 2406 448 2444; x_wconf 64' lang='lat' dir='ltr'>moyen</span> <span class='ocrx_word' id='word_1_188' title='bbox 474 2394 519 2431; x_wconf 76' lang='lat' dir='ltr'>de</span> <span class='ocrx_word' id='word_1_189' title='bbox 543 2395 705 2445; x_wconf 73' lang='lat' dir='ltr'>laquelle</span> <span class='ocrx_word' id='word_1_190' title='bbox 731 2397 765 2433; x_wconf 83' lang='lat' dir='ltr'>le</span> <span class='ocrx_word' id='word_1_191' title='bbox 788 2397 929 2447; x_wconf 81' lang='lat' dir='ltr'>copiste</span> <span class='ocrx_word' id='word_1_192' title='bbox 953 2410 974 2434; x_wconf 80' lang='lat' dir='ltr'>a</span> <span class='ocrx_word' id='word_1_193' title='bbox 994 2397 1104 2435; x_wconf 70' lang='lat' dir='ltr'>eludo</span> <span class='ocrx_word' id='word_1_194' title='bbox 1127 2411 1200 2435; x_wconf 88' lang='lat' dir='ltr'>une</span> <span class='ocrx_word' id='word_1_195' title='bbox 1224 2398 1404 2435; x_wconf 75' lang='lat' dir='ltr'>difficulte</span> <span class='ocrx_word' id='word_1_196' title='bbox 1429 2398 1478 2434; x_wconf 89' lang='lat' dir='ltr'>du</span> <span class='ocrx_word' id='word_1_197' title='bbox 1499 2407 1600 2436; x_wconf 80' lang='lat' dir='ltr'>texte</span> <span class='ocrx_word' id='word_1_198' title='bbox 1619 2398 1710 2448; x_wconf 83' lang='lat' dir='ltr'>qu&#39;il</span> 
     </span>
     <span class='ocr_line' id='line_1_29' title="bbox 310 2454 1710 2506; baseline 0.003 -16"><span class='ocrx_word' id='word_1_199' title='bbox 310 2455 409 2491; x_wconf 76' lang='lat' dir='ltr'>avait</span> <span class='ocrx_word' id='word_1_200' title='bbox 429 2468 515 2490; x_wconf 77' lang='lat' dir='ltr'>sous</span> <span class='ocrx_word' id='word_1_201' title='bbox 542 2454 592 2489; x_wconf 73' lang='lat' dir='ltr'>les</span> <span class='ocrx_word' id='word_1_202' title='bbox 618 2468 728 2503; x_wconf 66' lang='lat' dir='ltr'>yeux.</span> <span class='ocrx_word' id='word_1_203' title='bbox 762 2458 813 2491; x_wconf 81' lang='lat' dir='ltr'>La</span> <span class='ocrx_word' id='word_1_204' title='bbox 841 2465 1020 2493; x_wconf 79' lang='lat' dir='ltr'>coutuine</span> <span class='ocrx_word' id='word_1_205' title='bbox 1045 2457 1133 2493; x_wconf 66' lang='lat' dir='ltr'>erait</span> <span class='ocrx_word' id='word_1_206' title='bbox 1153 2471 1227 2506; x_wconf 87' lang='lat' dir='ltr'>que</span> <span class='ocrx_word' id='word_1_207' title='bbox 1249 2458 1300 2494; x_wconf 89' lang='lat' dir='ltr'>les</span> <span class='ocrx_word' id='word_1_208' title='bbox 1322 2457 1396 2494; x_wconf 85' lang='lat' dir='ltr'>rois</span> <span class='ocrx_word' id='word_1_209' title='bbox 1418 2457 1463 2493; x_wconf 87' lang='lat' dir='ltr'>de</span> <span class='ocrx_word' id='word_1_210' title='bbox 1488 2456 1631 2496; x_wconf 80' lang='lat' dir='ltr'>Franco</span> <span class='ocrx_word' id='word_1_211' title='bbox 1646 2458 1710 2505; x_wconf 88' lang='lat' dir='ltr'>ju-</span> 
     </span>
     <span class='ocr_line' id='line_1_30' title="bbox 310 2515 1713 2567; baseline 0.001 -15"><span class='ocrx_word' id='word_1_212' title='bbox 310 2524 452 2552; x_wconf 82' lang='lat' dir='ltr'>rassent</span> <span class='ocrx_word' id='word_1_213' title='bbox 469 2546 477 2562; x_wconf 87' lang='lat'><strong><em>‚</em></strong></span> <span class='ocrx_word' id='word_1_214' title='bbox 505 2523 617 2551; x_wconf 67' lang='lat' dir='ltr'>avaut</span> <span class='ocrx_word' id='word_1_215' title='bbox 645 2515 811 2551; x_wconf 65' lang='lat' dir='ltr'>‹sonu-01·</span> <span class='ocrx_word' id='word_1_216' title='bbox 840 2518 858 2551; x_wconf 76' lang='grc' dir='ltr'>ἰι</span> <span class='ocrx_word' id='word_1_217' title='bbox 887 2519 1171 2561; x_wconf 73' lang='lat' dir='ltr'>Noire-Dame,</span> <span class='ocrx_word' id='word_1_218' title='bbox 1200 2518 1234 2554; x_wconf 88' lang='lat' dir='ltr'>le</span> <span class='ocrx_word' id='word_1_219' title='bbox 1259 2517 1436 2554; x_wconf 80' lang='lat' dir='ltr'>mainticn</span> <span class='ocrx_word' id='word_1_220' title='bbox 1459 2516 1507 2553; x_wconf 96' lang='lat' dir='ltr'>du</span> <span class='ocrx_word' id='word_1_221' title='bbox 1530 2517 1713 2567; x_wconf 63' lang='lat' dir='ltr'>privilege</span> 
     </span>
     <span class='ocr_line' id='line_1_31' title="bbox 311 2573 1712 2626; baseline 0.001 -16"><span class='ocrx_word' id='word_1_222' title='bbox 311 2574 483 2611; x_wconf 75' lang='lat' dir='ltr'>claustra}</span> <span class='ocrx_word' id='word_1_223' title='bbox 505 2573 664 2610; x_wconf 72' lang='lat' dir='ltr'>aci-orde</span> <span class='ocrx_word' id='word_1_224' title='bbox 684 2587 731 2609; x_wconf 78' lang='lat' dir='ltr'>au</span> <span class='ocrx_word' id='word_1_225' title='bbox 753 2573 921 2622; x_wconf 70' lang='lat' dir='ltr'>chapitw</span> <span class='ocrx_word' id='word_1_226' title='bbox 938 2574 982 2609; x_wconf 79' lang='lat' dir='ltr'>do</span> <span class='ocrx_word' id='word_1_227' title='bbox 1002 2576 1103 2611; x_wconf 75' lang='lat' dir='ltr'>Paris</span> <span class='ocrx_word' id='word_1_228' title='bbox 1119 2589 1187 2625; x_wconf 80' lang='lat' dir='ltr'>par</span> <span class='ocrx_word' id='word_1_229' title='bbox 1205 2576 1357 2613; x_wconf 78' lang='lat' dir='ltr'>Cliarles</span> <span class='ocrx_word' id='word_1_230' title='bbox 1373 2576 1406 2612; x_wconf 87' lang='lat' dir='ltr'>le</span> <span class='ocrx_word' id='word_1_231' title='bbox 1422 2575 1578 2626; x_wconf 87' lang='lat' dir='ltr'>Simple.</span> <span class='ocrx_word' id='word_1_232' title='bbox 1597 2578 1712 2612; x_wconf 76' lang='lat' dir='ltr'>Non-e</span> 
     </span>
     <span class='ocr_line' id='line_1_32' title="bbox 310 2632 1712 2685; baseline -0.001 -15"><span class='ocrx_word' id='word_1_233' title='bbox 310 2643 458 2678; x_wconf 81' lang='lat' dir='ltr'>auteur,</span> <span class='ocrx_word' id='word_1_234' title='bbox 490 2633 554 2682; x_wconf 88' lang='lat' dir='ltr'>qui</span> <span class='ocrx_word' id='word_1_235' title='bbox 585 2646 631 2669; x_wconf 80' lang='lat' dir='ltr'>ne</span> <span class='ocrx_word' id='word_1_236' title='bbox 657 2632 881 2668; x_wconf 50' lang='lat' dir='ltr'>commissarii</span> <span class='ocrx_word' id='word_1_237' title='bbox 907 2647 971 2682; x_wconf 78' lang='lat' dir='ltr'>pas</span> <span class='ocrx_word' id='word_1_238' title='bbox 994 2633 1027 2669; x_wconf 88' lang='lat' dir='ltr'>le</span> <span class='ocrx_word' id='word_1_239' title='bbox 1055 2637 1244 2671; x_wconf 60' lang='lat' dir='ltr'>‹taiucti‘rre</span> <span class='ocrx_word' id='word_1_240' title='bbox 1265 2644 1344 2672; x_wconf 88' lang='lat' dir='ltr'>tout</span> <span class='ocrx_word' id='word_1_241' title='bbox 1365 2635 1581 2685; x_wconf 82' lang='lat' dir='ltr'>particulicr</span> <span class='ocrx_word' id='word_1_242' title='bbox 1604 2633 1651 2670; x_wconf 90' lang='lat' dir='ltr'>de</span> <span class='ocrx_word' id='word_1_243' title='bbox 1669 2645 1712 2669; x_wconf 87' lang='lat' dir='ltr'>ce</span> 
     </span>
     <span class='ocr_line' id='line_1_33' title="bbox 312 2690 1711 2742; baseline 0 -14"><span class='ocrx_word' id='word_1_244' title='bbox 312 2692 518 2742; x_wconf 61' lang='lat' dir='ltr'>privilege,</span> <span class='ocrx_word' id='word_1_245' title='bbox 545 2691 592 2728; x_wconf 76' lang='lat' dir='ltr'>l&#39;u</span> <span class='ocrx_word' id='word_1_246' title='bbox 615 2690 803 2727; x_wconf 76' lang='lat' dir='ltr'>cousondu</span> <span class='ocrx_word' id='word_1_247' title='bbox 820 2722 828 2737; x_wconf 91' lang='lat'><strong>‚</strong></span> <span class='ocrx_word' id='word_1_248' title='bbox 859 2704 903 2727; x_wconf 78' lang='lat' dir='ltr'>en</span> <span class='ocrx_word' id='word_1_249' title='bbox 931 2692 1162 2729; x_wconf 75' lang='lat' dir='ltr'>l&#39;entcndaut</span> <span class='ocrx_word' id='word_1_250' title='bbox 1190 2708 1377 2740; x_wconf 86' lang='lat' dir='ltr'>nommer,</span> <span class='ocrx_word' id='word_1_251' title='bbox 1405 2708 1497 2732; x_wconf 84' lang='lat' dir='ltr'>avec</span> <span class='ocrx_word' id='word_1_252' title='bbox 1530 2707 1581 2730; x_wconf 90' lang='lat' dir='ltr'>un</span> <span class='ocrx_word' id='word_1_253' title='bbox 1605 2701 1711 2729; x_wconf 81' lang='lat' dir='ltr'>autre</span> 
     </span>
     <span class='ocr_line' id='line_1_34' title="bbox 310 2749 1680 2803; baseline 0.001 -17"><span class='ocrx_word' id='word_1_254' title='bbox 310 2750 438 2787; x_wconf 57' lang='lat' dir='ltr'>article</span> <span class='ocrx_word' id='word_1_255' title='bbox 458 2750 522 2799; x_wconf 90' lang='lat' dir='ltr'>qui</span> <span class='ocrx_word' id='word_1_256' title='bbox 544 2750 809 2800; x_wconf 71' lang='lat' dir='ltr'>sauvegardait</span> <span class='ocrx_word' id='word_1_257' title='bbox 834 2749 885 2786; x_wconf 86' lang='lat' dir='ltr'>les</span> <span class='ocrx_word' id='word_1_258' title='bbox 906 2750 1022 2786; x_wconf 85' lang='lat' dir='ltr'>droits</span> <span class='ocrx_word' id='word_1_259' title='bbox 1044 2750 1090 2786; x_wconf 89' lang='lat' dir='ltr'>de</span> <span class='ocrx_word' id='word_1_260' title='bbox 1114 2760 1193 2788; x_wconf 86' lang='lat' dir='ltr'>tout</span> <span class='ocrx_word' id='word_1_261' title='bbox 1214 2753 1248 2788; x_wconf 80' lang='lat' dir='ltr'>le</span> <span class='ocrx_word' id='word_1_262' title='bbox 1267 2753 1393 2803; x_wconf 77' lang='lat' dir='ltr'>clei-ge</span> <span class='ocrx_word' id='word_1_263' title='bbox 1413 2754 1463 2790; x_wconf 91' lang='lat' dir='ltr'>du</span> <span class='ocrx_word' id='word_1_264' title='bbox 1488 2763 1680 2800; x_wconf 84' lang='lat' dir='ltr'>royaume.</span> 
     </span>
    </p>
   </div>
  </div>
 </body>
</html>
