1923 3020
266 226 340 260 268
628 222 964 258 HJSTORIARUM
996 222 1226 257 LUDOVICI
1252 223 1307 257 XI

266 329 368 358 rum
387 348 397 368 ‚
425 310 640 356 dicebant
661 307 840 353 civibus
860 316 905 352 et
921 307 1090 352 accolis
1110 307 1321 368 ejusdem
1342 308 1469 353 urbis
1485 325 1534 354 se
1550 311 1666 357 velle

266 388 542 443 Henricum,
574 400 728 446 regem
753 400 916 441 suum,
946 383 1189 428 extrahere
1213 383 1271 429 de
1293 387 1436 430 Turre
1454 422 1465 444 ‚
1500 386 1546 430 in
1574 402 1666 447 qua

264 465 310 508 in
338 479 522 508 carcere
545 461 835 520 servabatur,
863 476 1015 522 eoque
1038 460 1211 505 educto
1237 470 1281 506 et
1301 477 1458 507 secum
1484 462 1662 519 habito,

263 539 384 584 illico
408 538 639 602 proficisci
659 538 716 583 ad
744 536 1078 583 debellandum
1104 536 1291 582 bostem
1316 554 1452 583 suum
1482 538 1666 584 Edoar—

262 614 376 659 dum
402 624 445 659 et
466 614 625 677 praelio
651 630 809 658 secum
833 612 1201 670 decertandum,
1231 614 1309 674 qui
1335 615 1452 677 regis
1473 624 1517 659 et
1537 615 1666 675 regni

262 691 477 754 proditor
501 691 741 753 hostisque
766 689 980 753 publicus
1004 689 1274 735 haberetur.

326 771 477 824 Quem
503 784 610 813 cum
635 783 875 812 rumorem
901 766 1123 811 audiisset
1147 766 1388 812 Edoardus
1408 783 1484 812 rex
1508 776 1553 812 et
1577 768 1668 830 ple-

262 844 392 890 bium
435 844 619 891 illarum
660 844 798 890 talem
835 854 1000 889 contra
1036 860 1084 889 se
1124 844 1537 901 insurrectionem,
1580 862 1666 908 pro

262 923 518 968 munienda
540 921 943 982 confortandaque
960 937 1041 966 sua
1068 920 1183 966 urbe
1206 921 1584 981 Londoniarum,
1612 940 1664 968 ex

260 999 445 1045 civitate
477 1002 857 1056 Conventrense‚
899 998 943 1042 in
979 1014 1072 1059 qua
1107 997 1430 1051 consistebat¹‚
1468 998 1527 1043 ad
1565 1015 1666 1044 eam

260 1091 449 1121 suarum
485 1076 728 1139 copiarum
762 1084 942 1139 partem
981 1074 1264 1130 transmisit,
1300 1091 1397 1119 XIV.
1428 1075 1535 1119 maii
1561 1074 1663 1134 die;

261 1153 338 1215 qui
373 1153 510 1198 etiam
545 1153 692 1198 biduo
720 1161 848 1216 post,
887 1167 979 1196 xw.
1013 1150 1228 1195 videlicet
1258 1149 1468 1211 ejusdem
1499 1152 1668 1197 mensis

262 1230 366 1287 die,
396 1240 501 1293 post
523 1247 630 1287 eos,
657 1246 816 1274 versus
839 1227 1053 1273 eamdem
1080 1226 1245 1272 urbem
1272 1227 1483 1289 trajicere
1507 1229 1664 1291 coepit.

329 1310 473 1352 Porro
493 1324 600 1352 cum
621 1305 874 1351 audiissent
894 1304 1167 1366 hujusmodi
1188 1304 1394 1349 seditiosi
1414 1315 1458 1350 et
1475 1304 1669 1351 rebelles

261 1395 425 1429 contra
469 1402 516 1429 se
558 1383 810 1429 adventare
858 1381 1157 1437 Edoardum,
1207 1399 1305 1426 xm.
1350 1391 1393 1426 et
1444 1400 1540 1428 xlv.
1594 1382 1668 1429 die

261 1460 470 1522 ejusdem
506 1460 699 1517 mensis,
735 1459 853 1521 regis
882 1474 1120 1503 accessum
1151 1457 1405 1520 praevenire
1436 1459 1591 1504 conati
1624 1467 1668 1503 et

260 1547 367 1582 ante
397 1537 494 1598 ejus
521 1536 773 1582 adventum
800 1534 916 1580 urbe
937 1534 1104 1598 potiri,
1132 1550 1365 1596 suumque
1388 1534 1663 1591 Henricum‚

260 1631 284 1659 e
321 1630 503 1659 carcere
533 1613 786 1669 eductum,
814 1612 1011 1670 babere,
1046 1627 1217 1672 magno
1242 1611 1411 1656 annisu
1444 1611 1667 1658 insultum

259 1690 316 1736 ad
344 1691 556 1736 eamdem
580 1689 745 1735 urbem
773 1688 1026 1746 dederunt3
1046 1687 1276 1733 machinis
1294 1697 1432 1750 atque
1448 1688 1565 1747 telis⁷
1583 1705 1668 1734 cae-

260 1770 462 1832 terisque
484 1769 650 1830 J'aculis
676 1778 719 1813 et
745 1768 910 1826 armis,
939 1783 1041 1812 eam
1065 1782 1333 1829 expugnare
1360 1774 1402 1810 et
1424 1766 1467 1810 vi
1490 1766 1667 1827 ingredi

259 1847 410 1892 adorti
435 1856 570 1903 sunt⁷
600 1854 954 1909 posueruntque
981 1843 1197 1889 incendia
1221 1843 1266 1887 in
1289 1842 1529 1887 nonnullis
1555 1842 1665 1888 aedi-

259 1923 345 1969 bus
365 1924 498 1969 dictae
523 1923 640 1969 arcis
670 1923 765 1968 sive
786 1922 977 1980 Turris,
1006 1931 1050 1966 et
1076 1921 1122 1965 in
1147 1919 1331 1965 duabus
1353 1936 1407 1964 ex
1433 1919 1579 1982 portis
1603 1919 1666 1964 ci·

259 2001 451 2046 vitatis?
493 2000 583 2046 Sed
625 1998 992 2063 repugnantibus
1023 2007 1163 2059 atque
1198 1996 1388 2042 viriliter
1416 1996 1668 2041 resistenti-

259 2075 345 2120 bus
366 2076 586 2121 adversus
616 2077 818 2138 impetus
847 2074 1026 2120 civibus
1056 2073 1206 2129 urbis,
1241 2089 1348 2117 cum
1380 2072 1577 2117 domino
1610 2071 1666 2117 de

261 2153 434 2196 Rex-iris
455 2163 494 2197 et
519 2153 727 2214 quodam
749 2152 960 2207 comite²,
985 2159 1124 2213 atque
1145 2150 1321 2195 caeteris
1343 2149 1421 2211 qui
1447 2148 1539 2194 illic
1559 2148 1667 2194 ade·

260 2238 363 2274 rant
388 2246 441 2273 ex
467 2229 769 2275 servitoribus
804 2228 1008 2274 Edoardi
1036 2228 1179 2287 regis,
1211 2227 1370 2272 civitas
1396 2242 1492 2270 non
1520 2224 1665 2270 modo

259 2305 449 2351 defensa
481 2306 585 2362 suit,
614 2306 693 2351 sed
720 2316 764 2352 et
788 2306 904 2369 ipsi,
929 2306 1007 2367 qui
1038 2305 1161 2350 intus
1182 2313 1340 2361 erant,
1368 2319 1421 2347 ex
1452 2301 1569 2347 urbe
1595 2302 1666 2346 in-

312 2464 349 2500 1,
383 2459 634 2499 C011.s·1'sl(‘l)ant
652 2459 743 2495 dans
765 2460 798 2496 le
818 2473 885 2496 ms.

312 2522 348 2557 2.
386 2536 401 2553 c<
418 2522 462 2555 Et
480 2519 614 2556 mii-ent
633 2519 667 2555 le
685 2519 744 2555 feu
762 2532 807 2555 en
825 2519 994 2556 diverses
1011 2518 1176 2555 maisons
1192 2531 1256 2555 sur
1269 2517 1305 2555 le
1318 2525 1410 2568 pont
1429 2516 1476 2554 de
1492 2515 1663 2554 Londres

260 2587 295 2615 et
318 2592 363 2615 en
387 2578 485 2615 deux
507 2586 632 2614 autres
654 2585 792 2627 portos.
819 2594 836 2610 ι)
867 2578 1033 2613 Relation
1058 2577 1254 2626 srancaise.

314 2642 349 2675 3.
396 2656 409 2669 «
441 2642 510 2675 Les
536 2637 630 2673 bons
651 2645 790 2672 comtos
818 2639 937 2683 θυι-(Ὗ
968 2643 1002 2670 vt
1028 2634 1074 2670 de
1095 2635 1247 2671 Rivicre
1283 2634 1464 2679 (Thomas
1490 2633 1661 2680 Stanley,

257 2707 379 2734 comte
395 2698 442 2734 de
460 2697 653 2746 Ὀργὴ-κηρὶ
666 2696 831 2733 Antoine
850 2694 896 2730 (le
919 2693 1106 2741 Wydvile,
1125 2693 1208 2729 tord
1230 2694 1389 2729 Riverst.
1411 2709 1426 2723 n
1442 2692 1520 2731 Rel,
1543 2692 1658 2738 franc.
