1923 3020
339 241 411 277 160
698 237 1037 274 HISTORIARUM
1066 238 1299 274 LUDOVICI
1326 240 1381 273 XI

337 330 722 371 Normanmwum
753 323 871 383 dux,
906 323 1145 369 mandavit
1177 325 1241 369 eis
1273 334 1345 381 ut,
1379 341 1521 386 quam
1555 328 1743 389 optimis

336 400 634 466 pactionibus
655 410 869 465 possent,
898 400 1104 446 facerent
1123 399 1433 446 deditionem.
1461 401 1604 456 Quod
1624 403 1744 448 simi-

335 479 438 523 liter
467 477 648 524 civibus
680 478 774 524 suis
809 476 1295 540 Rothomagensibus,
1331 495 1452 541 quos
1483 494 1532 524 se
1557 477 1747 526 videbat

335 556 559 601 adversus
587 556 850 621 potentiam
875 556 994 618 regis
1025 556 1165 602 tutari
1194 572 1293 601 non
1326 572 1487 620 posse,
1524 565 1569 601 et
1598 572 1742 618 quos,

334 634 405 679 sui
435 650 597 690 causa,
628 635 673 679 in
706 633 981 698 periculosae
1011 643 1057 680 et
1085 635 1150 679 eis
1179 634 1349 680 merito
1380 633 1643 680 metuendae
1668 651 1745 681 ca-

332 709 554 757 lamitatis
583 712 838 758 discrimen
873 712 1043 776 exponi
1078 728 1172 757 non
1203 711 1393 757 volebat
1422 711 1555 774 (licet
1580 713 1667 775 ipsi
1691 729 1745 758 ex

335 804 509 852 magno
551 806 646 851 quo
680 789 738 834 ad
780 790 932 853 ipsum
971 788 1298 835 afficiebantur
1338 805 1524 848 amore,
1567 789 1614 834 id
1645 805 1743 835 non

335 865 562 925 facturos,
595 867 676 913 sed
706 877 913 914 extrema
937 867 1098 913 omnia
1122 867 1330 931 pericula
1359 884 1406 913 se
1437 868 1594 931 potius
1619 867 1747 914 subi-

334 952 465 989 turos
488 944 876 1007 proclamarent),
896 954 943 990 ut
965 944 1169 990 facerent
1189 945 1440 990 consilium
1460 945 1611 991 dedit:
1633 961 1745 1009 prae-

333 1021 512 1084 cipiens
532 1032 582 1068 ut
600 1022 660 1068 ad
680 1039 837 1085 regem
858 1023 1112 1078 mitterent,
1137 1032 1183 1067 et
1199 1021 1495 1068 conditiones
1514 1023 1745 1086 accipien-

334 1109 426 1158 teS,
454 1109 631 1163 quanto
656 1101 864 1164 potiores
895 1108 940 1145 et
969 1099 1055 1144 sibi
1083 1098 1293 1145 utiliores
1317 1101 1498 1163 assequi
1525 1110 1738 1164 possent,

333 1174 419 1220 sibi
446 1180 703 1239 parerent¹.

396 1253 513 1295 Tum
539 1250 698 1295 videre
723 1259 821 1296 erat
847 1250 895 1294 in
920 1248 1088 1295 eadem
1112 1248 1288 1312 inclyta
1312 1249 1430 1295 urbe
1454 1250 1743 1297 lamentabi-

332 1328 425 1373 lem
450 1337 495 1373 et
520 1327 787 1372 luctuosam
816 1326 983 1372 faciem
1018 1343 1177 1372 rerum
1206 1344 1214 1370 :
1244 1343 1355 1373 nam
1382 1326 1497 1373 alios
1522 1328 1569 1372 in
1597 1327 1742 1390 ejula-

333 1414 432 1450 tum
456 1415 500 1451 et
523 1405 753 1468 lacrymas
777 1420 1043 1468 erumpere,
1071 1421 1168 1450 non
1195 1414 1291 1450 tam
1313 1404 1376 1450 ob
1400 1421 1534 1451 suam
1556 1405 1742 1451 calami-

333 1493 497 1537 tatem,
526 1500 670 1547 quam
694 1483 757 1528 ob
781 1484 852 1529 sui
878 1482 1189 1529 amantissimi
1219 1481 1352 1528 ducis
1373 1499 1399 1528 a
1418 1499 1466 1528 se
1487 1483 1742 1529 discessum

332 1562 655 1608 miserandum
683 1571 728 1608 et
752 1561 1128 1619 lamentabilem,
1155 1561 1271 1607 alios
1299 1564 1453 1607 Deum
1478 1570 1523 1607 et
1546 1563 1741 1607 Sanctos

332 1638 555 1685 obtestari
578 1656 632 1686 ac
656 1639 922 1698 obsecrare,
952 1638 1245 1703 supplicibus
1265 1641 1386 1685 votis
1418 1649 1463 1684 et
1491 1639 1741 1702 gemitibus

330 1716 552 1763 adversus
576 1734 732 1779 regem
760 1717 1002 1774 invocare;
1034 1733 1198 1762 omnes
1224 1716 1321 1778 ejus
1344 1715 1610 1780 perfidiam,
1642 1733 1742 1780 per—

324 1793 464 1854 juria,
487 1795 750 1858 impietates
770 1793 991 1840 detestari
1009 1803 1055 1839 et
1074 1794 1121 1838 in
1144 1793 1549 1839 abominationem
1568 1793 1741 1839 habere

331 1881 470 1935 atque
502 1872 702 1930 ducere,
743 1872 822 1935 qui
856 1881 1023 1917 contra
1058 1871 1201 1917 fidem
1236 1881 1283 1916 et
1315 1881 1604 1918 sacramenta
1634 1887 1660 1916 a
1693 1888 1741 1916 se

332 1958 425 1994 tam
441 1950 714 1995 solemniter
729 1950 947 2013 praestita,
967 1965 1192 2012 germano
1217 1965 1303 1994 suo
1329 1949 1468 1994 unico
1491 1949 1738 2012 proprium

331 2027 532 2073 auferret
556 2027 898 2091 patrimonium
919 2064 929 2081 ‚
952 2026 1083 2089 quod
1103 2027 1244 2072 etiam
1262 2044 1287 2072 a
1305 2027 1548 2072 communi
1570 2027 1739 2071 utrius-

332 2120 421 2165 que
447 2115 639 2167 parente
663 2104 749 2149 sibi
774 2103 1063 2149 destinatum
1088 2103 1464 2167 dispositumque
1490 2102 1654 2148 fuerat.

397 2181 487 2226 Sed
511 2182 627 2227 nihil
654 2182 824 2228 talibus
849 2181 1258 2227 obsecrationibus
1278 2191 1321 2227 et
1341 2180 1739 2227 exsecrationibus

333 2274 420 2320 pro
438 2267 549 2303 tunc
567 2258 933 2322 suffragantibus
952 2259 1034 2318 eis,
1055 2259 1304 2305 necessitas
1324 2259 1411 2322 ipsi
1429 2258 1538 2303 duci
1556 2258 1737 2322 optimo

334 2333 546 2380 incubuit
574 2346 645 2394 ut,
673 2336 907 2382 securitati
931 2336 1034 2381 vitae
1067 2352 1159 2381 suae
1196 2336 1471 2394 consulens,
1501 2351 1527 2380 a
1554 2335 1738 2380 civitate

333 2410 630 2471 abscederet,
661 2423 801 2475 atque
828 2413 919 2459 alio
951 2429 998 2457 se
1024 2413 1312 2459 transferret.
1342 2412 1499 2468 Unde,
1530 2429 1638 2457 cum
1664 2411 1737 2457 illa

336 2488 605 2535 militarium
630 2506 791 2549 manu,
815 2507 959 2554 quam
982 2490 1138 2536 adhuc
1155 2508 1300 2554 penes
1320 2507 1368 2536 se
1390 2489 1613 2549 habebat,
1643 2499 1735 2536 tam

388 2620 406 2653 ’1
418 2648 427 2657 .
458 2617 549 2654 Voir
566 2617 602 2654 le
620 2616 789 2654 discours
809 2625 897 2653 tenu
915 2631 984 2667 par
998 2619 1113 2655 Louis
1134 2620 1190 2655 XI
1204 2631 1278 2655 aux
1291 2616 1508 2654 Rouennais
1522 2615 1587 2666 qui
1600 2614 1736 2651 e'taient

334 2689 456 2714 venus
474 2677 604 2714 traiter
622 2690 712 2713 avec
732 2676 783 2713 lui
804 2678 822 2712 ἱ]
841 2677 1202 2724 Pont-dc-I’Arche,
1223 2678 1258 2715 lc
1280 2679 1327 2714 13
1344 2677 1495 2725 janvier
1515 2676 1629 2712 1466.
1654 2676 1735 2709 Do-

334 2746 505 2774 cuments
524 2736 674 2783 medus,
701 2739 908 2785 illelcmges,
933 2746 956 2772 t.
982 2739 1031 2781 ΙΙ,
1056 2751 1092 2787 p.
1119 2740 1208 2773 419.
