1923 3020
295 233 370 267 25³4
654 228 994 264 HISTORIARUM
1026 228 1257 263 LUDOVICI
1287 229 1341 263 XI

359 322 573 376 Quorum
598 332 706 361 oum
727 330 835 377 pars
859 314 1011 375 major
1035 323 1180 359 noctu
1206 315 1478 373 introiisset,
1504 324 1548 360 et
1571 332 1624 361 ex
1648 333 1702 363 ea

295 406 425 460 parte
456 408 548 454 qua
584 391 747 436 civitas
781 391 974 436 minime
1000 390 1249 435 obsidione
1284 390 1568 450 arctabatur,
1598 402 1703 437 tan-

293 483 386 517 tam
423 470 532 515 illuc
574 484 769 513 manum
802 468 1085 512 confluxisse
1122 467 1479 528 Burgundiones
1510 469 1700 530 ignora-

293 549 433 605 bant3
465 556 510 591 et
533 546 847 591 existimantes
875 561 924 590 se
947 561 1086 607 posse
1109 544 1288 589 viribus
1311 554 1355 589 et
1373 545 1513 591 armis
1536 545 1700 590 urbem

293 626 554 686 irrumpere
573 633 617 668 et
643 621 873 677 obtinere,
902 621 1062 667 denuo
1088 621 1147 666 ad
1171 621 1394 667 insultum
1412 632 1576 667 contra
1594 638 1699 668 eam

294 700 504 746 dandum
526 709 569 744 et
596 715 700 744 eam
724 698 1147 760 viingrediendum
1166 708 1307 760 atque
1329 698 1697 761 expugnandum

295 787 521 823 conatum
539 776 764 821 fecerunt.
786 777 870 820 (lui
888 776 1153 820 insistentes
1170 775 1319 838 operi,
1342 774 1455 819 dum
1474 777 1703 839 superatis

296 854 417 899 vallo
441 869 493 898 ac
520 851 773 910 moenibus,
813 851 1014 896 liberum
1049 861 1190 914 atque
1225 851 1497 914 expeditum
1533 852 1620 897 sibi
1655 853 1700 898 in

296 947 399 976 eam
421 929 600 975 aditum
628 938 873 992 putarent,
908 929 955 973 in
981 928 1219 992 expeditas
1244 929 1456 990 equitum
1483 928 1700 974 adversa-

299 1008 478 1052 riorum
515 1006 637 1051 acies
674 1006 997 1062 incurrerunt,
1025 1006 1106 1066 qui
1137 1021 1303 1049 eorum
1334 1005 1703 1066 opperiebantur

298 1101 406 1130 curn
433 1099 604 1143 magno
633 1082 837 1139 silentio⁷
866 1082 1008 1126 veluti
1034 1082 1171 1125 otiosi
1196 1090 1239 1125 et
1266 1080 1499 1137 feriantes,
1533 1083 1704 1143 ingres-

300 1178 421 1207 sum.
454 1163 543 1204 Eos
571 1168 727 1205 autem
753 1175 861 1203 cuni
878 1161 886 1181 ¹
903 1158 1121 1202 districtis
1143 1157 1454 1202 mucronibus
1474 1168 1517 1203 et
1543 1159 1705 1219 gladiis

299 1240 568 1300 caeterisque
599 1253 842 1282 armorum
865 1235 1187 1280 instrumentis
1210 1235 1511 1298 excipientes,
1532 1235 1706 1281 multos

300 1333 354 1362 ex
381 1316 492 1379 ipsis
515 1314 855 1377 peremerunt?

370 1398 516 1439 Porro
551 1409 660 1437 cum
697 1391 837 1435 talem
867 1390 1106 1434 sociorum
1141 1406 1335 1434 suorum
1372 1388 1603 1435 infelicem
1628 1407 1706 1436 ca-

302 1481 571 1532 sumatque
598 1468 787 1513 exitium
824 1467 975 1512 caeteri
1012 1466 1253 1523 viderent,
1297 1467 1377 1529 qui
1404 1467 1620 1512 nondum
1656 1468 1704 1512 in

302 1550 410 1594 talia
434 1555 713 1592 venatorum
739 1545 853 1590 retia
878 1543 1139 1589 inciderant
1158 1580 1169 1601 ‚
1218 1554 1344 1589 retro
1380 1543 1550 1607 pedem
1588 1545 1705 1590 refe-

302 1635 475 1682 rentes⁷
499 1622 756 1668 consimilis
781 1621 1024 1666 infortunii
1049 1637 1106 1665 eo
1139 1621 1282 1665 modo
1311 1620 1571 1684 periculum
1599 1637 1706 1668 eva-

301 1711 478 1757 serunt,
509 1711 554 1747 et
587 1701 647 1747 ad
684 1710 862 1756 castra,
905 1700 1039 1762 signo
1076 1700 1286 1762 receptui
1320 1699 1460 1755 (lato,
1501 1716 1600 1745 sese
1634 1717 1704 1746 re·

299 1787 556 1826 traxerunt.
601 1780 817 1834 Quantus
853 1794 966 1822 vero
1010 1776 1147 1822 fuerit
1182 1793 1410 1821 caesorum
1451 1793 1702 1837 numerus,

299 1858 382 1921 qui
407 1856 677 1919 introgressi
712 1855 758 1899 in
782 1855 992 1900 'nostium
1015 1870 1181 1899 manus
1212 1854 1449 1899 irruerunt
1469 1889 1479 1910 ,
1507 1863 1600 1899 tam
1624 1853 1707 1899 dif-

300 1935 502 1980 ferenter
539 1942 578 1977 et
618 1930 965 1988 diversimode,
1007 1940 1106 1975 turn
1146 1930 1206 1976 ab
1238 1930 1311 1975 his
1342 1931 1423 1993 qui
1458 1930 1504 1975 in
1542 1931 1704 1976 castris

300 2011 432 2056 ducis
458 2008 848 2071 Burgundionum
877 2010 1054 2063 erant⁵³‚
1083 2007 1390 2059 referebatur,
1424 2007 1572 2070 quod,
1601 2009 1704 2070 qui-

297 2087 387 2131 bus
406 2085 757 2131 assentiendum
776 2085 933 2148 potius
957 2084 1092 2142 soret,
1116 2085 1272 2130 nullus
1293 2085 1386 2130 sere
1405 2095 1529 2131 certa
1548 2084 1703 2148 aliqua

298 2163 568 2224 conjectura
601 2161 816 2207 arbitrari
842 2163 1071 2224 potuerit³
1106 2161 1167 2207 ad
1193 2178 1355 2207 verum
1386 2180 1394 2205 z
1424 2178 1533 2206 cum
1570 2172 1615 2207 et
1654 2162 1700 2207 hi

299 2256 550 2285 numerum
590 2256 843 2301 inagnum,
887 2239 1032 2284 etalii
1074 2256 1273 2302 parvum
1311 2249 1450 2301 atque
1480 2240 1701 2299 exiguum

297 2317 435 2363 fuisse
464 2316 678 2378 jactitent
714 2326 753 2360 et
793 2315 1100 2362 contendant.
1142 2316 1262 2361 Nulli
1306 2326 1460 2361 tamen
1499 2316 1698 2362 dubium

350 2477 387 2513 1.
417 2476 514 2510 Dum
536 2472 629 2508 dans
649 2471 683 2507 le
703 2484 772 2508 ms.

348 2535 385 2571 2.
419 2534 441 2569 9
464 2531 720 2578 juillettlwz.

349 2595 383 2629 3.
417 2594 519 2628 Pour
537 2590 744 2640 completor
764 2590 798 2626 la
819 2590 955 2639 phrase
976 2599 1011 2626 et
1027 2591 1189 2637 justitiet·
1207 2604 1250 2628 ce
1270 2593 1333 2641 qui
1355 2593 1444 2637 suit,
1466 2592 1488 2628 it
1513 2592 1590 2628 sant
1609 2603 1699 2640 sup-

294 2651 399 2700 pleer
418 2663 467 2687 un
487 2649 655 2687 membre
676 2650 784 2690 omis,
807 2662 952 2685 comme
977 2659 1051 2685 tum
1069 2649 1115 2685 ab
1139 2664 1261 2686 eorum
1283 2653 1517 2687 adversariis.

347 2711 382 2745 h.
418 2712 620 2746 Potuerunt
638 2709 729 2746 dans
751 2708 784 2745 le
805 2721 872 2744 nis.
