1923 3020
259 277 333 311 260
624 271 962 307 HISTORIARL'M
992 272 1052 306 LU
1060 271 1224 307 DOVICI
1253 273 1307 307 XI

259 362 523 423 conscripta
549 360 657 417 sint,
680 358 835 404 adhuc
854 368 1010 404 tamen
1031 358 1278 416 nonnulla,
1307 359 1365 404 ad
1385 376 1478 404 suae
1499 377 1662 406 cumu-

258 439 355 484 lum
386 435 662 481 infelicitatis
686 435 1061 496 agnoscendum,
1088 435 1384 482 annectenda
1409 446 1534 495 sunt,
1561 453 1664 500 quae

257 513 523 576 superiores
556 511 711 557 forsan
746 512 1097 575 praeteritasque
1123 512 1222 574 ejus
1247 512 1531 559 calamitates
1557 513 1660 559 vin-

256 607 360 635 cere
381 598 425 635 et
449 605 670 653 superare
695 588 961 635 videantur.

322 669 423 711 Non
456 667 583 711 enim
608 665 706 711 haec
741 666 882 728 ipsius
904 666 1064 711 denuo
1101 666 1264 712 iterata
1287 666 1530 730 captivitas
1558 666 1663 712 finis

253 746 292 790 ei
333 745 627 791 miseriarum
669 744 778 801 fuit,
823 744 905 790 sed
947 744 1179 806 majorum
1227 744 1381 808 potius
1416 744 1660 807 quoddam

254 821 377 867 velut
424 820 683 866 recidivum
731 820 998 865 exordium.
1052 823 1167 865 Nam
1215 837 1322 865 cum
1365 820 1662 865 intellexisset

253 914 412 944 comes
448 897 506 943 de
543 896 763 942 lsai-vicli
787 913 895 942 cum
928 897 1023 942 suis
1050 896 1320 942 Edoardum
1349 913 1508 942 versus
1543 899 1662 942 Lon-

253 975 420 1021 donias
450 975 735 1038 profectum,
764 991 957 1038 sperans
996 975 1041 1019 in
1072 990 1126 1020 ea
1160 974 1294 1033 urbe,
1323 985 1424 1019 tum
1455 975 1660 1028 Henrici,

253 1064 353 1099 tum
385 1054 456 1098 sui
493 1053 896 1115 contemplatione
934 1051 1116 1096 favores
1152 1053 1383 1096 maximos
1422 1052 1660 1107 invenire,

253 1146 520 1191 arcemque,
536 1144 639 1191 quae
661 1128 925 1173 firmissima
941 1128 1032 1172 illic
1045 1129 1235 1178 exstitit,
1264 1144 1351 1190 pro
1376 1145 1541 1173 eorum
1559 1145 1661 1191 par-

254 1207 375 1253 tibus
401 1206 556 1251 adhuc
591 1216 775 1263 tenere,
806 1221 1038 1267 posseque
1068 1205 1113 1249 in
1152 1220 1205 1249 ea
1239 1204 1355 1249 urbe
1392 1204 1662 1250 Edoardum

252 1284 573 1348 improvidum
617 1293 757 1345 atque
797 1283 1081 1345 imparatum
1113 1281 1236 1344 vulgi
1281 1281 1439 1327 favore
1476 1282 1665 1328 interci-

253 1379 364 1426 pere
404 1379 485 1407 seu
513 1359 771 1418 debellare,
802 1359 861 1404 de
901 1359 1243 1404 Conventrensi
1281 1358 1466 1404 civitate
1503 1360 1663 1424 copias

253 1439 430 1497 eduxit,
461 1447 506 1483 et
531 1454 690 1482 versus
710 1436 837 1482 illam
864 1436 1118 1482 maximam
1143 1435 1311 1482 urbem
1343 1436 1519 1498 regiam
1545 1453 1662 1482 con-

253 1517 345 1561 cito
373 1531 531 1578 gressu
556 1515 754 1575 trajecit.
783 1513 874 1559 Sed
903 1512 1200 1571 Edoardum,
1230 1513 1325 1558 suis
1359 1512 1554 1558 solerter
1587 1530 1663 1559 ex—

255 1593 509 1639 cubantem
547 1591 781 1655 periculiS,
820 1591 1119 1654 propositum
1145 1589 1419 1652 hujusmodi
1444 1606 1662 1635 suorum-

254 1687 345 1732 que
370 1669 577 1714 hostium
605 1668 797 1713 minime
824 1668 1062 1713 latuerunt
1099 1666 1343 1712 molimina
1380 1676 1520 1729 atque
1554 1667 1664 1712 insi-

255 1745 354 1791 diae.
413 1745 584 1790 Videns
629 1744 756 1789 enim
799 1744 896 1805 jam
940 1744 1323 1807 appropinquare
1362 1743 1520 1789 hostes
1555 1759 1663 1788 cum

253 1823 457 1869 exercitu
486 1821 659 1876 valido,
691 1821 790 1883 qui,
829 1821 1041 1884 ipsismet
1065 1820 1276 1879 testibus,
1308 1822 1495 1883 triginta
1521 1821 1664 1868 millia

257 1909 546 1945 armatorum
574 1914 827 1943 numerum
855 1897 1051 1943 faciebat
1072 1933 1082 1952 ‚
1121 1897 1387 1961 impavidus
1413 1907 1553 1960 atque
1584 1898 1666 1943 im-

258 1977 556 2040 perterritus,
595 1975 775 2021 eductis
809 1975 867 2020 ad
899 1975 1047 2038 ipsam
1080 1975 1253 2036 regiam
1287 1975 1435 2038 copiis
1466 1976 1581 2033 suis,
1618 1977 1662 2021 in

259 2070 546 2117 camposque
577 2053 766 2099 obviam
797 2052 863 2097 eis
888 2053 1143 2115 profectus,
1175 2052 1234 2098 ad
1261 2052 1425 2098 decem
1452 2052 1664 2098 milliaria

262 2131 424 2193 procul
445 2131 503 2176 al)
528 2130 646 2175 urbe
672 2140 822 2175 castra
844 2129 1015 2175 locavit
1031 2132 1055 2174 ¹.

324 2210 430 2252 Erat
467 2202 712 2253 sabbatum
754 2215 969 2252 sanctum
1008 2206 1055 2251 in
1091 2206 1245 2269 vigilia
1290 2206 1501 2265 Paschae,
1549 2207 1664 2253 dum

261 2284 530 2329 Londonias
563 2285 732 2343 exivit,
780 2293 824 2329 et
858 2293 955 2329 tota
988 2293 1128 2329 nocte
1161 2300 1270 2328 cum
1304 2285 1507 2329 exercitu
1542 2285 1666 2347 equi-

259 2363 388 2417 tavit,
418 2378 514 2407 xtii.
553 2361 627 2406 (lie
652 2363 824 2407 mensis
847 2361 1070 2424 praedicti,
1098 2361 1271 2406 scilicet
1294 2361 1476 2424 aprilisg
1508 2371 1552 2406 et
1577 2362 1665 2406 uti-

261 2456 352 2501 que
385 2438 632 2484 sabbatum
666 2438 944 2500 pradictum
978 2448 1023 2483 et
1061 2447 1275 2484 sanctum
1318 2438 1502 2484 Paschae
1540 2438 1663 2483 diem

261 2525 630 2579 sequentemque
656 2514 814 2559 festive
854 2515 898 2559 in
929 2514 1044 2560 urbe
1082 2524 1127 2560 et
1151 2515 1309 2577 quiete
1345 2514 1562 2560 libentius
1595 2531 1664 2560 ce—

263 2593 501 2649 lebrasset,
527 2592 591 2636 uti
617 2600 943 2653 proposuerat,
981 2591 1017 2635 si
1044 2607 1140 2635 non
1167 2591 1545 2636 adversariorum
1577 2589 1663 2634 sibi

314 2750 327 2783 1
342 2777 349 2784 .
383 2751 410 2783 Α
439 2751 585 2783 Barnet.
