1923 3020
692 230 830 264 LIBER
867 231 1106 276 QUARTUS.
1521 230 1593 263 :³47

270 317 569 361 lncursarunt
604 325 649 360 et
672 315 815 361 altera
846 317 946 361 vice
975 316 1116 361 iidem
1152 317 1314 361 Franci
1349 331 1498 378 usque
1535 315 1594 360 ad

203 401 361 454 portas
386 392 548 455 oppidi
577 392 971 439 Valencenensis¹.
998 393 1088 439 Sed
1114 395 1236 438 cives
1266 394 1379 447 loci,
1406 393 1594 438 calami—

203 478 312 527 tate,
354 484 455 530 quae
492 469 815 514 Atrebatenses
850 471 1119 527 invenerat,
1158 470 1388 515 cautiores
1422 469 1591 526 effecti,

202 544 372 589 moenia
404 559 487 589 sua
519 553 561 588 et
594 554 751 606 portas
787 547 953 602 tutari,
990 545 1165 607 absque
1201 545 1291 590 hoc
1324 544 1454 607 quod
1486 545 1596 590 foris

202 618 416 665 exeundo
451 620 627 681 majore
658 637 706 666 se
731 621 942 682 periculo
979 621 1331 682 immergerent,
1365 621 1472 666 satis
1507 620 1594 666 sibi

201 712 298 741 esse
322 704 564 757 putarunt.

264 774 431 832 Ingens
464 771 619 833 itaque
645 780 795 816 metus
831 780 971 832 atque
1003 787 1151 833 pavor
1179 772 1355 835 oppida
1383 783 1428 818 et
1451 783 1597 819 terras

200 847 331 893 ducis
352 846 630 908 Burgundiae
648 846 858 909 undique
879 847 1112 892 invaserat
1143 857 1186 892 et
1215 848 1437 894 sollicitos
1458 859 1598 911 atque

200 924 363 970 anxios
398 925 609 969 omnium
647 924 831 969 animos
866 923 1137 981 detinebat,
1174 941 1282 969 cum
1312 941 1359 969 se
1385 926 1599 972 viderent

201 999 440 1061 undique,
484 1009 528 1045 et
569 1015 756 1061 quaqua
790 1016 975 1044 versum
1011 1000 1240 1045 divertere
1277 1011 1499 1063 possent,
1539 1001 1598 1047 ab

201 1076 414 1122 hostibus
448 1092 688 1138 aggressos
719 1092 828 1120 cum
857 1075 1022 1121 validis
1054 1085 1097 1121 et
1130 1076 1400 1139 potentibus
1426 1078 1599 1124 exerci-

202 1152 378 1209 tibus²,
412 1169 549 1198 suum
585 1163 740 1199 autem
774 1153 1034 1215 principem
1073 1154 1118 1198 in
1156 1153 1318 1198 castris
1358 1154 1451 1199 suis
1492 1165 1599 1200 ante

202 1229 414 1274 Nussiam
452 1230 514 1275 ita
551 1229 750 1275 detineri
793 1239 1079 1291 occupatum
1106 1239 1150 1274 et
1186 1229 1244 1275 ab
1283 1231 1600 1278 innumerabi—

200 1304 321 1350 libus
346 1305 510 1363 ferme,
538 1315 588 1350 ut
610 1306 750 1367 vulgo
768 1304 1048 1366 jactabatur,
1079 1308 1424 1351 Germanorum
1451 1309 1599 1371 copiis

200 1382 327 1427 velut
349 1382 618 1438 obsessum,
656 1392 706 1427 ut
739 1399 826 1428 nec
860 1383 972 1441 sibi,
1009 1401 1098 1430 nec
1129 1385 1223 1429 suis
1246 1385 1354 1430 satis
1378 1386 1599 1448 opitulari

200 1469 371 1523 posset.
397 1460 626 1506 Viderunt
647 1469 867 1523 praeterea
892 1461 1116 1524 oppidula
1142 1461 1566 1508 Montis—Desiderii
1585 1501 1595 1519 ,

201 1536 438 1599 Corbeyae,
460 1537 861 1596 Sancti-Richarii,
884 1540 1022 1600 Royae
1042 1548 1086 1584 et
1115 1539 1372 1584 bom-lens2’·
1400 1539 1444 1584 vi
1464 1549 1600 1603 capta

201 1622 245 1658 et
283 1613 502 1659 incendio
541 1631 595 1660 ex
622 1623 752 1678 parte
776 1624 1006 1672 cremata,
1044 1616 1169 1661 caesis
1209 1617 1350 1662 etiam
1381 1633 1436 1662 ex
1469 1625 1599 1680 parte

201 1690 413 1753 pluribus
445 1690 721 1737 eorumdem
757 1692 975 1737 locorum
1007 1692 1201 1750 accolis,
1242 1693 1313 1738 vel
1346 1692 1406 1738 ad
1442 1693 1599 1738 minus

201 1766 421 1811 omnibus
449 1766 588 1812 bonis
619 1767 714 1812 suis
740 1767 964 1830 spoliatis.
1002 1771 1115 1824 Quae
1141 1769 1302 1830 utique
1333 1768 1470 1813 simul
1495 1784 1598 1830 per-

200 1858 345 1905 pensa
376 1858 474 1887 non
500 1842 615 1888 levis
645 1852 796 1888 metus
820 1853 864 1889 et
896 1843 1158 1889 formidinis
1185 1859 1347 1889 causas
1375 1842 1598 1888 cumula-

200 1919 337 1980 bant3
365 1920 447 1966 sed
467 1930 648 1984 stupor,
674 1937 727 1966 ex
752 1931 845 1966 tam
870 1922 1157 1967 imminentis
1181 1921 1306 1966 exitii
1332 1922 1592 1983 praesentia,

202 2007 247 2042 et
283 2014 538 2059 exsangues
573 2013 704 2060 paene
744 2007 789 2043 et
837 1998 1062 2043 attonitos
1101 2007 1296 2042 cunctos
1337 1995 1593 2052 reddebat,

201 2073 326 2118 velut
348 2074 478 2118 omni
505 2072 791 2119 defensionis
825 2073 997 2118 auxilio
1023 2072 1286 2118 destitutos.
1330 2075 1422 2117 Nec
1455 2070 1596 2116 dubi-

203 2149 398 2194 tandum
424 2160 517 2209 est,
550 2151 586 2194 si
607 2153 893 2194 Francorum
911 2166 991 2194 rex
1015 2165 1123 2195 cum
1153 2150 1246 2195 suis
1274 2149 1420 2212 copiis
1444 2158 1596 2211 coepta

203 2225 358 2270 fuisset
388 2236 693 2289 prosecutus,
734 2226 875 2286 quin,
913 2227 982 2271 vel
1021 2243 1104 2289 per
1137 2243 1272 2288 agros
1307 2225 1592 2282 Hammniae,

203 2300 274 2346 vel
301 2301 627 2347 Leodiensium
652 2311 814 2357 terras,
837 2300 897 2346 ad
914 2302 1123 2347 Nussiam
1146 2318 1291 2364 usque
1310 2301 1417 2346 satis
1443 2301 1592 2359 facile,

202 2388 246 2423 et
271 2378 397 2423 nulla
432 2378 504 2423 vel
541 2377 726 2423 modica
760 2378 950 2424 inventa
980 2379 1241 2424 resistentia
1262 2414 1273 2436 ,
1312 2378 1596 2441 pertransire

203 2454 442 2517 potuisset.
477 2454 618 2510 Quod
652 2455 685 2499 si
720 2454 924 2511 fecisset,
953 2465 995 2499 et
1024 2465 1191 2501 cuncta
1210 2455 1303 2501 fere
1325 2454 1497 2518 oppida
1524 2456 1595 2500 in-

255 2585 289 2617 1.
323 2581 610 2621 Valenciennes.

253 2643 290 2676 2.
324 2643 509 2677 Exercitc's
528 2641 620 2677 dans
640 2642 672 2678 le
691 2655 760 2678 ηις.

257 2702 290 2735 3.
324 2700 565 2746 Montdidier,
586 2699 741 2747 Con-bie,
763 2701 1061 2750 Saint-Riquier‚
1084 2706 1189 2752 Roye
1210 2712 1246 2740 et
1265 2703 1459 2740 Doullens.
