1923 3020
699 275 840 310 LIBER
869 275 1062 309 PRIMUS.
1534 275 1579 308 47

184 365 367 410 civitate
403 362 681 408 Nannetensi
713 370 758 407 et
785 361 1022 407 nonnullis
1064 360 1163 406 aliis
1191 360 1305 405 locis
1331 359 1581 422 provinciae

185 457 293 486 eum
325 439 498 502 ingenti
539 438 718 483 honore
747 448 792 483 et
823 437 1064 483 festivitate
1093 446 1316 500 exceptus
1342 446 1435 492 est,
1466 436 1582 481 nihil

186 518 347 563 talium
383 516 637 578 suspicato¹
672 516 827 578 qualia
868 532 948 561 rex
986 516 1144 560 animo
1191 513 1426 560 volvebat.
1466 517 1581 557 (jum

187 594 324 655 igitur
357 591 526 636 finibus
563 592 804 637 Britannia)
839 608 1073 654 egressus,
1112 607 1158 636 se
1194 591 1237 636 in
1275 606 1471 652 regnum
1508 605 1585 634 rex

187 670 344 715 denuo
391 668 657 730 recepisset,
702 677 813 712 tunc
857 684 997 730 super
1035 666 1307 728 hujusmodi
1354 665 1585 711 fidelitatis

188 754 480 790 sacramento
503 753 639 806 atque
663 743 920 789 civitatibus
937 753 981 789 et
1005 744 1163 800 terris,
1195 760 1277 806 per
1295 758 1450 803 regem
1477 758 1587 803 que-

189 821 283 867 rela
303 830 346 866 ct
367 820 638 882 disceptatio
663 837 772 866 cum
798 820 916 865 duce
941 819 1102 864 haberi
1124 819 1280 881 coepit.
1312 821 1436 863 Dum
1468 827 1588 862 uter-

188 913 280 959 que
300 897 577 958 pertinacius
596 897 688 941 suis
713 894 1037 942 affectionibus
1054 904 1194 956 atque
1216 894 1412 939 decretis
1435 893 1588 938 studet

190 973 437 1030 inhaerere,
483 982 527 1017 et
569 973 780 1034 quamvis
816 988 898 1035 per
931 987 1087 1031 regem
1113 970 1337 1016 adversus
1367 968 1587 1014 eumdem

190 1050 358 1094 (lucem
374 1050 512 1094 variae
529 1050 888 1095 ostenderentur
911 1047 1209 1110 querelarum
1227 1062 1396 1103 causae,
1419 1062 1445 1090 a
1469 1045 1588 1090 mul—

191 1127 246 1171 tis
281 1136 434 1172 tamen
471 1142 563 1172 una
600 1136 711 1171 tunc
742 1141 988 1189 suppressa
1021 1135 1066 1170 et
1101 1124 1159 1169 de
1192 1139 1284 1186 qua
1309 1123 1484 1168 mentio
1509 1138 1588 1185 pa-

190 1204 283 1249 lam
304 1205 493 1249 mininie
515 1203 776 1249 habebatur
800 1203 960 1261 fuisse,
988 1202 1211 1247 aestimata
1234 1210 1302 1246 est
1321 1200 1553 1263 praecipua
1576 1218 1584 1244 :

192 1297 248 1325 eo
268 1279 479 1325 videlicet
504 1280 634 1341 quod
659 1280 782 1324 idem
807 1279 900 1324 dux
919 1296 1028 1324 cum
1051 1279 1223 1324 comite
1243 1277 1301 1323 de
1321 1276 1584 1330 Clzarolw,

193 1356 288 1401 filio
327 1357 463 1401 unico
513 1356 737 1419 Philippi,
783 1355 1165 1418 Burgundionum
1209 1355 1343 1400 ducis
1374 1354 1585 1409 illustris,

194 1435 524 1479 fraternitatem
561 1443 700 1496 atque
739 1434 988 1479 amicitiam
1012 1433 1292 1493 singularem
1327 1431 1584 1495 copularat.

194 1513 346 1566 Quam
373 1526 448 1555 rex
465 1545 475 1563 ,
506 1520 552 1554 ut
577 1510 634 1554 ad
659 1509 773 1554 fines
796 1510 1001 1554 intentos
1026 1508 1278 1571 aliqnando
1299 1508 1586 1571 perveniret,

197 1587 494 1632 veliementer
528 1586 779 1632 dissolvere
811 1597 948 1647 atque
995 1586 1288 1648 disrumpere
1333 1585 1584 1645 satagebat.

259 1665 451 1709 Duravit
475 1674 629 1709 autem
655 1662 925 1724 hujusmodi
949 1662 1157 1707 simultas
1184 1679 1267 1725 per
1301 1678 1450 1707 annos
1473 1678 1591 1722 qua-

196 1751 317 1799 tuor,
355 1750 399 1785 et
427 1739 613 1784 tandem
652 1739 843 1784 demum
879 1739 926 1784 in
957 1747 1167 1802 apertam
1197 1738 1590 1799 manifestamque

195 1816 530 1862 dissensionem
561 1817 735 1879 erupit,
766 1826 902 1879 prout
942 1817 985 1861 in
1026 1816 1354 1878 sequentibus,
1383 1815 1588 1878 propitio

197 1895 312 1951 Deo,
340 1910 423 1938 suo
446 1895 551 1938 loco
574 1894 846 1939 referemus.

649 2112 717 2154 CA
730 2112 816 2154 PtT
821 2112 856 2154 U
865 2112 984 2155 LUM
1019 2113 1136 2155 xlv.

197 2248 319 2288 Qualia
346 2247 470 2280 auxilia
503 2245 687 2283 Henricus,
716 2244 905 2289 Anglorum
935 2257 1014 2286 rex,
1044 2253 1075 2277 et
1099 2246 1291 2290 Margareta
1320 2244 1456 2289 regina,
1487 2258 1592 2290 regno

248 2301 373 2344 Angliae
395 2299 546 2344 depulsi,
568 2296 661 2342 apud
684 2296 899 2330 Ludovicuin
920 2310 1031 2343 regem
1045 2326 1052 2339 ‚
1078 2311 1155 2331 cuin
1186 2306 1294 2331 essent
1313 2298 1416 2330 ambo
1438 2298 1592 2343 ejusdem

245 2352 457 2394 consobrini,
478 2352 695 2385 invenerunt.

267 2471 467 2515 Audiens
498 2480 651 2516 autem
682 2471 981 2529 Mai²gareta²‚
1017 2485 1134 2514 uxor
1166 2469 1375 2528 Henrici⁷
1420 2469 1584 2530 Anglo-

202 2561 302 2588 runi
330 2545 512 2605 regina,
543 2560 644 2604 qua}
677 2559 781 2586 euni
812 2542 912 2586 viro
942 2558 1055 2598 suo,
1087 2558 1229 2604 regno
1261 2552 1304 2586 et
1340 2543 1482 2604 patria
1512 2558 1592 2603 per

257 2684 292 2718 1.
323 2683 534 2730 Suspicatus*
555 2682 647 2717 <lans
669 2682 701 2717 le
723 2694 791 2718 nis.

267 2742 300 2776 2.
334 2741 561 2788 Mai*;„=uei·ite
579 2740 738 2785 d'Anjon
755 2768 763 2781 ,
782 2739 918 2775 semme
939 2739 987 2775 dn
1010 2740 1063 2776 roi
1086 2740 1200 2776 Henri
1226 2743 1284 2776 Vl.
