1923 3020
301 225 375 260 292
665 223 1003 258 HISTORIARUM
1031 225 1266 260 LUDOVICI
1295 225 1349 258 XI

306 329 441 357 neam
472 312 674 355 t'acerent
711 308 1028 368 deditionem,
1066 309 1179 355 dicti
1215 310 1360 355 franci
1393 311 1615 372 sagittarii
1650 316 1703 359 si-

303 390 400 435 mul
427 405 534 433 cuin
568 387 658 431 loci
694 387 866 432 accolis
895 387 1149 433 crudeliter
1178 388 1478 446 occiderunt3
1519 398 1563 434 et
1598 407 1707 453 pro-

302 477 459 529 pterca
495 463 598 508 talis
630 462 808 508 eisdem
838 463 1111 509 vicissitudo
1138 464 1366 510 retributa
1396 465 1498 510 fuit.
1530 469 1577 510 ln
1613 484 1709 529 quo

305 540 515 604 profecto
553 540 647 584 dux
679 539 778 603 ipse
810 540 1204 602 Burgundionum
1238 543 1436 587 nimium
1468 542 1710 589 crudelem

301 635 350 663 se
383 617 621 675 ostendit,
675 627 720 662 et
762 617 987 663 infamem
1025 619 1193 664 exinde
1232 629 1392 665 notam
1433 622 1705 679 contraxit3

301 712 411 740 nam
430 695 645 758 plurimis
666 695 997 757 hujuscemodi
1026 696 1195 741 francis
1225 696 1471 758 sagittariis
1500 696 1712 744 dexteras

301 788 468 817 manus
494 773 729 835 amputari
757 772 885 829 fecit,
914 783 959 817 et
993 773 1115 818 intra
1152 772 1240 817 loci
1273 772 1518 818 ecclesiam
1554 774 1712 837 plures

301 848 569 894 sacerdotes
593 859 638 894 et
662 848 844 903 clerici,
875 849 1031 895 amicti
1059 849 1382 894 ecclesiasticis
1405 850 1706 909 vestimentis,

303 926 554 972 crudeliter
578 926 798 983 nimium7
827 926 947 990 proli
969 924 1126 972 dolor!
1158 927 1347 972 suerunt
1371 928 1541 986 occisi,
1584 928 1711 974 nulla

301 1005 488 1069 penitus
513 1021 667 1066 neque
692 1021 824 1049 sacro
849 1004 955 1050 loco
976 1021 1130 1067 neque
1152 1004 1366 1066 religioni
1391 1004 1546 1050 habita
1573 1022 1705 1051 reve-

304 1082 494 1127 rentia¹.

366 1160 481 1205 Inde
514 1169 670 1205 autem
702 1176 899 1204 movens
933 1167 1278 1220 consequenter
1307 1168 1481 1216 castra,
1512 1169 1713 1205 metatus

302 1246 370 1282 est
391 1246 556 1282 contra
582 1235 707 1280 aliud
733 1235 964 1298 oppidum
999 1234 1178 1278 (lictum
1215 1237 1358 1294 BQW·
1400 1234 1568 1292 Quod,
1607 1235 1713 1280 licet

302 1314 458 1358 multis
484 1314 619 1375 regiis
649 1312 874 1376 praesidiis
910 1321 1029 1356 esset
1063 1311 1318 1369 munitum,
1355 1321 1618 1356 metuentes
1644 1321 1711 1357 ta-

302 1408 411 1436 men
440 1408 497 1436 ne
523 1391 604 1445 eis‚
632 1388 1006 1452 quemamodum
1032 1387 1150 1443 aliis,
1178 1388 1488 1450 contingeret,
1515 1387 1712 1433 deditio-

304 1486 411 1513 nem
441 1468 648 1512 l'ecerunt
679 1467 758 1527 qui
783 1466 875 1511 illic
902 1467 1075 1511 erant?
1112 1465 1253 1522 Quod
1285 1475 1330 1511 et
1363 1465 1572 1510 similiter
1605 1465 1708 1512 fecit

303 1545 428 1591 aliud
455 1544 735 1608 oppidulum
790 1543 1171 1588 Monsdesiderii3
1195 1542 1504 1606 appellatum.

368 1626 474 1679 Quo
506 1632 712 1686 recepto,
741 1621 1019 1666 deliberavit
1041 1619 1167 1665 idem
1192 1619 1288 1664 dux
1312 1620 1577 1680 Belvaeum,
1604 1621 1712 1666 civi-

305 1711 444 1746 tatem
480 1701 748 1762 antiquam,
781 1699 921 1745 etiam
947 1699 1196 1761 impetere3
1227 1698 1347 1743 circa
1385 1714 1530 1760 quam
1565 1707 1712 1744 castra

305 1779 546 1835 metatus⁴,
587 1786 632 1822 et
660 1793 764 1823 eam
807 1793 860 1822 ex
898 1785 1028 1839 parte
1069 1791 1163 1820 una
1201 1774 1452 1820 obsidione
1495 1776 1709 1837 cingens,

359 1939 394 1974 1.
426 1935 589 1971 Thomas
620 1933 731 1969 Basin
761 1940 815 1968 est
844 1930 920 1966 loiri
944 1929 989 1967 de
1015 1930 1106 1966 sain-e
1130 1930 1238 1966 saisir
1266 1938 1368 1967 toute
1399 1929 1589 1967 l’horreur
1609 1931 1655 1968 de
1678 1931 1712 1968 la

305 1996 404 2045 prisc
438 1994 484 2031 de
519 1993 643 2030 Nesle.
682 1991 762 2027 Elle
792 1998 931 2026 ressort
959 1989 1073 2025 d’une
1100 1992 1262 2038 enqucte
1294 1989 1379 2025 saite
1413 1989 1615 2038 cinquante
1647 2003 1714 2027 ans

304 2056 414 2103 apri-s
437 2053 692 2089 l'cvenement
711 2060 745 2086 et
772 2052 819 2085 ou
848 2050 974 2084 surent
996 2047 1180 2084 emendus
1201 2056 1284 2084 tous
1310 2047 1363 2084 les
1390 2048 1583 2085 vieillards
1609 2048 1655 2085 de
1680 2050 1714 2086 la

307 2113 408 2149 ville.
427 2117 478 2149 La
494 2113 751 2148 circonstance
767 2109 817 2145 du
832 2109 968 2145 beraut
984 2108 1169 2144 assassinc
1183 2120 1204 2143 a
1220 2115 1299 2143 tout
1317 2107 1399 2143 l’aii·
1418 2106 1532 2143 d'une
1553 2108 1714 2159 legende

306 2172 493 2222 imaginee
515 2185 610 2221 pour
632 2171 665 2207 la
686 2169 929 2217 justilication
955 2167 1005 2203 du
1027 2166 1099 2203 duc
1121 2166 1168 2203 de
1191 2169 1431 2217 Bourgogne.
1457 2169 1555 2204 Tous
1581 2168 1633 2204 les
1655 2169 1713 2204 te-

306 2232 428 2268 moins
449 2232 638 2266 affirment
663 2243 736 2279 que
763 2229 798 2266 le
826 2228 899 2264 due
921 2227 1028 2263 sortit
1054 2226 1089 2262 le
1114 2225 1230 2261 matin
1259 2224 1305 2260 de
1334 2225 1506 2260 peronne
1531 2238 1624 2262 avec
1647 2239 1714 2262 son

305 2303 433 2327 armcc
459 2298 494 2325 ct
520 2289 599 2324 xint
622 2288 781 2325 envaliir
801 2286 911 2323 Nesle
933 2299 1017 2321 sans
1037 2296 1160 2320 aucun
1190 2282 1476 2319 avertissement
1500 2283 1712 2332 prealable‚

308 2349 460 2398 lorsque
482 2356 558 2383 tout
582 2347 614 2383 le
636 2348 774 2384 monde
795 2361 817 2396 y
834 2346 923 2383 etait
942 2345 1030 2382 bien
1053 2343 1254 2393 tranquille
1278 2356 1342 2379 stu·
1362 2343 1396 2378 la
1417 2343 1467 2378 soi
1488 2343 1586 2379 dela
1609 2345 1715 2380 treve

307 2408 372 2457 qui
393 2406 518 2442 duruit
538 2418 689 2442 cni-ore.
718 2409 769 2441 Le
798 2418 983 2441 massacre
1004 2406 1059 2440 sut
1087 2404 1118 2440 si
1144 2402 1263 2454 grand
1284 2406 1401 2451 qu'on
1424 2402 1525 2438 avait
1549 2401 1598 2439 du
1623 2415 1715 2452 sang

307 2465 527 2517 par-<lessus
562 2465 593 2500 le
627 2463 712 2513 pied
746 2463 838 2500 dans
877 2463 1034 2514 l'cglise.
1068 2465 1166 2512 Voy.
1202 2461 1236 2497 le
1271 2464 1433 2497 Bullctin
1462 2463 1527 2496 des
1557 2464 1713 2498 Comites

304 2527 589 2573 (1853-1834),
609 2530 649 2559 ιν»
672 2526 708 2559 5.

360 2587 398 2623 2.
430 2587 481 2620 Le
499 2586 547 2620 15
565 2583 648 2630 juin
670 2584 785 2620 1472.

358 2647 395 2681 3.
429 2643 671 2680 Monttliilieiu

360 2721 395 2740 12.
429 2707 480 2739 Le
500 2705 546 2738 27
563 2702 661 2748 juin.
