1923 3020
1103 136 1122 159 ὃ

741 235 880 268 LIBER
923 234 1163 279 QUARTUS.
1582 235 1656 269 293

254 338 361 366 cum
388 322 449 366 ibi
475 321 708 384 aliquibus
734 323 1015 367 constitisset
1040 321 1221 377 diebus,
1256 332 1301 366 et
1326 321 1576 366 nonnullas
1603 339 1654 367 ex

256 397 461 442 turribus
485 407 529 441 et
567 398 933 461 propugnaculis
964 400 1190 444 moenium
1228 398 1396 444 ictibus
1434 397 1657 443 bombar-

255 474 420 519 darum
444 484 486 519 et
508 476 819 537 petrariorum
842 476 1099 537 dejecisset,
1126 477 1277 539 ipsam
1301 486 1365 521 est
1390 492 1658 538 expugnare

255 551 449 596 adortus
482 560 527 595 et
559 561 723 596 contra
753 569 856 597 eam
892 553 1117 597 insultum
1156 553 1282 598 dare.
1333 556 1380 597 ln
1417 569 1512 615 quo
1549 569 1655 597 cum

256 627 393 682 cives,
429 626 509 688 qui
544 643 718 689 pauca,
756 644 842 690 pro
879 628 1004 673 urbis
1042 629 1380 692 amplitudine,
1422 629 1661 674 habebant

256 703 411 748 adhuc
445 704 659 766 praesidia
687 705 906 761 militum,
939 704 1139 749 multum
1165 716 1493 767 premerentur
1517 716 1560 751 et
1586 708 1660 750 vix

256 779 314 825 ad
345 779 670 824 obsistendum
704 790 844 842 atque
877 779 1228 826 defendendum
1255 782 1537 838 sufficerent,
1567 799 1663 828 am-

255 855 398 916 biguo
419 857 529 900 satis
552 865 597 900 et
614 856 795 900 incerto
820 865 968 900 marte
993 857 1253 916 certabant,
1280 859 1367 902 nisi
1393 870 1663 923 opportune

257 933 391 979 valde
419 933 483 978 eis
513 933 571 978 ad
603 934 827 978 auxilium
865 934 1211 996 supervenisset
1246 952 1370 979 unus
1404 938 1510 981 satis
1550 948 1663 983 stre-

255 1025 378 1053 nuus
400 1007 494 1052 dux
514 1016 704 1052 centum
723 1008 990 1053 lancearum
1013 1007 1132 1069 regis
1149 1011 1175 1052 ¹.
1201 1008 1310 1065 Qui,
1337 1026 1445 1054 cum
1464 1011 1662 1057 insultus

255 1080 403 1138 fieret,
448 1081 615 1127 urbem
653 1082 918 1144 ingreSSi1S,
970 1081 1151 1126 civibus
1199 1083 1404 1127 maximo
1444 1085 1661 1146 praesidio

256 1164 394 1217 atque
415 1155 581 1200 solatio
606 1155 712 1199 fuit:
733 1155 797 1200 sic
822 1154 952 1217 quod
970 1155 1068 1216 ejus
1086 1154 1259 1200 auxilio
1283 1157 1657 1216 Burgundiones,

254 1230 332 1289 qui
357 1229 583 1274 insultum
606 1229 853 1285 faciebant,
880 1245 968 1293 pro
989 1239 1098 1274 tunc
1117 1231 1314 1292 repressi
1335 1239 1460 1275 sunt.

320 1304 678 1367 Burgundiones
715 1315 870 1350 autem
909 1322 1004 1350 non
1042 1321 1128 1367 pro
1159 1315 1290 1350 tanto
1315 1307 1552 1368 quiescere
1582 1308 1662 1353 de-

255 1391 524 1436 creverunt;
554 1381 635 1426 sed
668 1381 977 1427 validioribus
1003 1382 1252 1428 conatibus
1285 1382 1451 1427 urbem
1486 1401 1663 1448 propo-

257 1460 430 1505 nebant
451 1476 738 1523 expugnare,
766 1476 926 1505 muros
949 1470 1090 1523 atque
1121 1471 1272 1506 turres
1292 1461 1418 1522 jactu
1447 1461 1659 1525 lapidum

255 1546 299 1582 et
323 1547 561 1600 petrarum
587 1537 849 1598 quatientes
873 1553 925 1582 ac
950 1537 1235 1599 dejicientes.

321 1617 354 1658 E
382 1614 568 1659 diverso
592 1631 705 1659 vero
731 1615 924 1673 Franci,
955 1615 1034 1676 qui
1066 1632 1120 1660 ex
1155 1615 1354 1661 civitatis
1388 1616 1534 1679 ipsius
1565 1617 1663 1678 jac-

256 1702 376 1747 tura,
403 1691 439 1735 si
463 1706 565 1736 eam
586 1691 631 1735 in
652 1690 861 1735 bostium
880 1708 1048 1736 manus
1070 1692 1192 1753 passi
1211 1691 1403 1753 fuissent
1423 1692 1660 1749 devenire,

255 1769 429 1813 damna
474 1769 678 1813 maxima
719 1777 858 1829 atquc
902 1768 1207 1814 incommoda
1253 1769 1340 1814 sibi
1376 1779 1662 1831 proventura

254 1861 354 1890 esse
383 1861 479 1890 non
517 1845 823 1906 ignorabant,
850 1845 909 1891 ad
939 1846 1038 1907 ejus
1067 1845 1390 1891 defensionem
1422 1847 1530 1891 totis
1555 1849 1663 1892 viri-

254 1923 343 1968 bus
367 1922 721 1968 incumbebant.
760 1923 912 1979 Unde,
939 1924 1172 1969 accersitis
1205 1933 1249 1967 et
1278 1923 1452 1967 coactis
1483 1925 1664 1986 magnis

254 2000 468 2062 equitum
500 2009 638 2062 atque
666 2000 878 2063 peditum
918 2001 1083 2062 copiis,
1112 2009 1205 2044 tam
1232 2016 1284 2043 ex
1315 1999 1495 2044 Parisiis
1518 2017 1661 2062 quam

257 2078 546 2122 Normannia
587 2087 632 2122 et
671 2077 770 2122 aliis
811 2077 943 2122 terris
983 2076 1145 2137 regiis,
1190 2076 1248 2120 de
1287 2092 1477 2121 annona
1522 2078 1661 2122 etiam

257 2165 397 2216 atque
442 2164 708 2200 commeatu
746 2155 987 2217 copiosam
1018 2153 1247 2198 habentes
1274 2153 1620 2217 providentiam
1648 2193 1659 2213 ,

260 2231 425 2276 urbem
462 2233 611 2294 ipsam
648 2231 785 2276 simul
823 2241 866 2275 et
901 2229 1125 2275 militibus
1150 2240 1193 2275 et
1225 2246 1414 2275 annona
1443 2231 1664 2294 impleve-

257 2318 366 2352 runt
394 2326 401 2351 :
429 2309 492 2353 ita
527 2317 575 2352 ut
612 2324 749 2370 supra
775 2306 938 2351 decem
967 2306 1126 2361 millia,
1157 2316 1248 2351 tarn
1282 2307 1492 2368 equitnm
1518 2325 1660 2370 quam

258 2385 490 2448 peditum,
530 2386 575 2429 in
602 2384 771 2430 diebus
806 2384 988 2446 pauciS,
1023 2383 1133 2428 illuc
1176 2384 1234 2429 ad
1258 2374 1556 2448 ipsiusurbis
1580 2385 1661 2430 de-

259 2463 520 2508 fensionem
544 2462 867 2525 supervenisse
887 2461 1172 2506 dicerentur.

316 2592 350 2624 1.
400 2604 414 2619 «
454 2585 593 2622 Arriva
633 2585 850 2622 Guillaume
882 2585 927 2622 de
964 2585 1112 2631 Kallee,
1146 2586 1353 2622 lienteriam
1390 2586 1440 2622 du
1473 2587 1665 2624 seneschal

260 2647 306 2684 de
335 2647 589 2692 Normandie,
621 2648 642 2682 a
672 2653 752 2682 tout
787 2644 887 2681 deux
917 2657 1005 2681 cens
1032 2645 1169 2681 lances.
1207 2662 1221 2676 n
1258 2644 1475 2695 Clironique
1504 2645 1669 2682 scanda-

262 2707 365 2743 ,leuse
