1923 3020
283 198 356 232 348
641 192 978 229 HISTORIARUM
1006 191 1238 227 LUDOVICI
1266 192 1319 226 XI

284 283 507 330 termedia
532 281 575 324 vi
603 278 672 323 vel
707 285 832 321 metu
858 277 903 321 in
933 275 1225 323 deditionem
1246 278 1522 340 recepisset,
1550 292 1595 326 et
1618 299 1644 328 a

284 369 536 406 extremam
581 354 904 400 necessitatem
948 352 1118 398 ducem
1148 353 1424 415 Burgundiae
1458 355 1678 404 deduxis-

284 446 365 481 set.
398 431 669 495 Abstulisset
692 431 819 475 enim
843 429 930 475 sibi
961 439 1005 475 et
1033 438 1322 475 commeatus
1343 439 1386 476 et
1410 431 1568 494 pabuli
1600 449 1682 479 co-

283 512 410 575 piaS,
443 517 485 553 et
525 508 572 553 in
602 507 686 552 has
720 522 829 552 eum
856 505 1129 552 detrusisset
1161 506 1425 567 angustias,
1460 508 1618 571 quod,
1644 511 1682 556 si

284 595 525 651 premente
569 601 678 631 eum
723 593 862 647 atque
908 592 1189 647 perurgente
1232 583 1364 630 samis
1409 587 1683 633 necessitate

283 672 431 709 castra
452 662 692 719 movisset,
715 660 788 707 vel
805 660 866 707 ad
891 670 1040 706 castra
1060 659 1445 719 Alemannorum,
1467 662 1539 707 vel
1564 663 1683 725 regis

285 741 573 784 Francorum
600 735 913 801 expugnanda
932 751 1279 798 progressurus,
1303 752 1485 799 semper
1503 753 1529 782 a
1553 746 1682 800 tergo

285 814 563 870 alterutraS‚
599 813 670 859 vel
701 814 1073 870 Germanorum,
1109 811 1183 857 vel
1210 815 1497 858 Francorum
1526 814 1685 876 copias

286 906 311 934 e
354 888 545 949 vestigio
593 888 890 950 insequentes
937 886 1198 944 habuisset3
1252 902 1451 948 quarum
1495 887 1686 949 singulae

287 966 489 1011 exercitu
523 965 656 1011 ducis
690 963 1037 1010 numerosiores
1065 963 1204 1025 longe
1238 972 1392 1021 erant,
1421 972 1466 1008 et
1488 963 1548 1009 ad
1571 980 1687 1010 con-

288 1043 597 1107 grediendum
632 1052 773 1105 atque
803 1039 1127 1087 dimicandum
1150 1055 1260 1084 cum
1288 1048 1383 1084 tam
1414 1055 1559 1102 parvo
1598 1057 1688 1086 nu-

289 1137 420 1167 mero
445 1119 694 1166 validiores
718 1129 762 1164 et
792 1117 1082 1163 robustiores
1105 1114 1164 1160 ab
1188 1114 1411 1160 omnibus
1436 1115 1578 1161 ferme
1602 1133 1688 1179 pu-

291 1197 526 1245 tabantur.

356 1275 523 1336 Atqui,
565 1274 686 1318 inter
729 1280 879 1317 tantas
923 1285 1058 1315 curas
1100 1277 1239 1331 atque
1290 1269 1552 1330 angustias,
1597 1269 1690 1316 dux

291 1355 389 1416 ipse
415 1349 803 1413 Burgundionum
826 1383 836 1405 ,
870 1346 998 1392 velut
1021 1344 1306 1409 impavidus,
1336 1345 1383 1390 in
1414 1345 1575 1391 castris
1598 1346 1691 1392 suis

292 1430 523 1475 immotis¹
560 1425 808 1483 manebat,
853 1424 1110 1470 adhortans
1154 1437 1263 1468 suos
1288 1422 1347 1468 ad
1379 1424 1691 1470 constantiam

294 1505 612 1569 pollicensque
637 1501 767 1565 quod
785 1538 796 1558 ‚
825 1502 861 1547 si
896 1501 1153 1564 imperator
1176 1515 1285 1544 cum
1321 1499 1414 1544 suis
1446 1501 1692 1546 Germanis

292 1583 391 1645 (qui
415 1581 571 1626 medio
605 1580 770 1625 itinere
805 1579 925 1624 inter
956 1575 1203 1623 Coloniam
1229 1586 1273 1622 et
1297 1576 1508 1622 Nussiam
1543 1586 1693 1623 castra

295 1668 493 1705 metatus
516 1667 636 1716 erat,
665 1657 711 1701 in
732 1655 903 1719 quibus
925 1671 1008 1719 per
1034 1654 1189 1718 plures
1219 1654 1430 1700 constitit
1453 1653 1568 1715 dies)
1589 1671 1692 1700 mo-

295 1752 406 1782 vens
435 1735 546 1780 inde
578 1734 771 1797 propius
809 1742 959 1778 castra
992 1748 1074 1777 sua
1105 1731 1532 1795 appropinquaret,
1565 1731 1693 1794 quod

295 1831 391 1859 non
423 1821 711 1877 exspectaret
737 1810 869 1874 quod
894 1826 977 1856 sua
1007 1819 1156 1855 castra
1172 1810 1304 1871 juxta
1328 1825 1411 1855 sua
1430 1809 1692 1855 communi-

295 1893 377 1937 ret²
403 1928 414 1950 ‚
451 1890 532 1936 sed
579 1890 709 1953 prior
747 1889 900 1952 ipsum
938 1887 1131 1932 viriliter
1157 1885 1514 1948 aggrederetur,
1553 1901 1694 1948 quam

297 1968 382 2013 sibi
404 1971 527 2013 Deus
546 1967 679 2012 daret
704 1966 941 2011 fortunam
965 1973 1256 2028 experturus.

353 2115 388 2147 1.
423 2112 546 2148 Plutot
565 2114 746 2159 immotus,
772 2124 917 2148 comme
938 2110 1141 2155 ei—dessus‚
1165 2123 1201 2159 p.
1227 2110 1315 2146 339.

352 2172 388 2205 2.
422 2172 451 2205 Il
471 2183 494 2218 y
510 2183 530 2206 a
549 2170 639 2207 dans
663 2170 696 2206 le
717 2182 786 2208 ms.
806 2171 929 2206 coiter.
