1923 3020
689 218 833 254 LIBER
877 217 1118 264 QUARTUS.
1533 219 1572 254 31
1586 219 1605 252 3

203 306 317 352 biles
340 316 384 352 et
408 305 608 350 militum
629 305 772 350 duces
795 306 965 368 captivi
987 314 1259 351 tenerentur
1278 341 1288 362 ‚
1314 320 1479 349 eorum
1497 321 1608 351 suo-

205 398 405 443 rumque
433 382 696 426 interventu
738 382 998 426 amicorum
1036 391 1079 426 et
1121 380 1521 439 necessariorum·,
1557 391 1609 427 ut

204 475 365 505 eorum
411 457 522 502 hinc
565 467 610 503 et
659 458 766 503 inde
809 459 1054 522 captivitas
1108 458 1396 515 solveretur,
1442 458 1505 504 ita
1548 457 1608 504 de

203 533 536 598 componenda
561 550 673 596 pace
705 544 951 580 tractatum
980 534 1092 591 fuit,
1116 544 1166 579 ut
1189 533 1332 597 paulo
1357 543 1463 597 post
1486 534 1609 580 inter

205 610 368 656 ambos
401 624 532 670 reges
561 609 890 654 conciliaretur
926 619 970 654 et
1004 609 1352 655 reformaretur.
1392 610 1610 655 Promisit

204 687 329 733 enim
364 688 633 746 Aragonum
658 702 738 730 rex
774 701 997 746 magnum
1025 686 1125 730 auri
1156 685 1353 748 pondo,
1387 686 1517 748 quod
1548 686 1607 733 ad

204 762 406 808 ducenta
436 762 509 807 vel
545 761 604 806 ad
634 771 843 807 trecenta
874 762 1018 807 millia
1047 762 1340 808 florenorum
1369 765 1609 827 Aragoniae

203 837 457 884 ascendere
490 838 668 894 fertur,
715 838 811 899 regi
847 840 1136 883 Francorum
1181 839 1442 899 exsolvere,
1479 842 1610 902 juxta

203 915 411 977 priorem
450 913 564 959 olim
605 913 725 958 inter
760 913 885 976 ipsos
920 913 1085 958 initam
1119 914 1605 976 confoederationem,

202 1000 247 1036 et
269 1006 453 1035 summa
475 1006 529 1035 ea
555 989 792 1053 persoluta
810 1026 821 1048 ‚
849 1005 978 1035 arces
1012 990 1267 1036 nonnullas
1295 992 1430 1054 (quas
1454 993 1610 1040 adhuc

204 1067 329 1113 idem
360 1071 650 1113 Francorum
688 1084 766 1112 rex
803 1076 929 1112 tenet
960 1067 1006 1111 in
1041 1068 1173 1112 terris
1213 1067 1300 1112 illis
1329 1069 1610 1132 Cataloniae)

203 1161 310 1189 cum
337 1144 413 1190 illa
437 1160 542 1190 arce
568 1143 834 1206 Perpiniani
865 1143 1079 1206 promisit
1103 1143 1271 1189 liberas
1307 1154 1353 1190 et
1376 1146 1470 1190 suis
1492 1163 1609 1209 prae-

204 1221 331 1266 sidiis
371 1229 584 1266 vacuatas
617 1219 814 1265 reddere
845 1229 987 1281 atque
1012 1220 1297 1278 restituere¹,
1334 1220 1449 1266 nihil
1480 1233 1608 1286 post-

205 1299 293 1345 hac
315 1299 362 1344 in
386 1297 687 1344 comitatibus
719 1297 992 1343 Rossilionis
1015 1306 1059 1342 et
1093 1298 1336 1344 Ceritaniae
1355 1298 1471 1360 juris
1494 1316 1610 1362 prae—

206 1385 422 1421 tensurus
442 1384 523 1420 aut
540 1373 807 1420 habiturus.

269 1455 474 1496 Fuerunt
505 1461 661 1497 autem
692 1450 847 1497 eidem
870 1451 966 1514 regi
992 1454 1289 1513 Aragonum,
1318 1462 1426 1498 ante
1454 1452 1615 1514 hujus-

205 1527 335 1573 modi
352 1528 479 1591 pacis
495 1527 880 1573 reformationem
897 1563 908 1585 ,
936 1544 1019 1591 per
1043 1544 1171 1574 mare
1189 1529 1419 1575 nonnulla
1443 1529 1614 1576 auxilia

205 1603 406 1649 militum
429 1613 474 1649 et
495 1620 696 1649 annonae
724 1604 832 1649 satis
857 1612 1127 1667 opportune
1159 1607 1428 1651 transmissa
1452 1621 1478 1650 a
1505 1622 1613 1668 rege

205 1681 368 1726 Siciliae
398 1681 670 1739 Fernando⁷
702 1680 852 1726 fratris
882 1681 954 1726 sui
986 1680 1213 1744 Alphonsi
1239 1681 1357 1740 fili03
1387 1699 1412 1728 a
1444 1682 1614 1744 quibus

205 1757 252 1801 in
290 1756 563 1802 sustinenda
598 1766 643 1801 et
669 1755 941 1820 repellenda
966 1756 1216 1803 obsidione
1241 1774 1337 1802 non
1362 1773 1506 1821 parva
1537 1775 1612 1803 so-

205 1833 314 1879 latia
334 1832 617 1878 adinveniff.

259 1986 294 2020 1,
327 1986 383 2020 En
403 1982 597 2020 attendant
619 1982 652 2020 le
673 1990 877 2033 payement
901 1982 947 2019 de
967 1983 1003 2019 la
1033 1994 1197 2029 somnne,
1220 1982 1255 2018 le
1275 1981 1492 2019 Roussillon
1513 1990 1549 2019 et
1579 1982 1614 2019 la

206 2041 402 2093 Cerdagne
423 2042 599 2079 devaient
621 2049 740 2078 rester
760 2054 835 2078 aux
852 2041 972 2078 mains
996 2041 1042 2077 de
1062 2041 1177 2077 Lonis
1197 2043 1268 2086 XI,
1290 2053 1377 2078 sous
1397 2040 1432 2078 le
1452 2053 1616 2092 gouver-

205 2109 358 2137 nement
375 2101 466 2138 d⁷un
482 2100 635 2139 Catalan
655 2100 774 2136 choisi
796 2113 864 2149 par
883 2099 936 2135 lui
957 2108 1063 2135 entre
1083 2099 1148 2135 dix
1170 2112 1377 2150 personnes
1398 2100 1615 2150 presentees

206 2173 274 2209 par
294 2160 328 2197 le
348 2160 405 2197 roi
429 2160 635 2211 d’Aragon.
658 2162 710 2196 Le
732 2159 844 2196 choix
865 2159 916 2195 (lu
940 2160 996 2195 roi
1018 2159 1063 2196 de
1084 2161 1227 2196 France
1249 2159 1377 2196 tomba
1402 2172 1467 2196 sur
1485 2159 1615 2197 Pierre

207 2219 254 2256 de
280 2219 494 2257 Rocaberti.
521 2219 695 2257 Relation
717 2218 845 2256 d’Ant.
871 2221 1014 2257 Passot,

260 2279 296 2317 2.
338 2281 410 2315 Par
438 2278 699 2329 repriesaisses,
731 2278 766 2314 le
798 2277 1030 2314 vice-amiral
1062 2277 1108 2314 de
1132 2279 1275 2315 France
1305 2276 1425 2314 Colon
1458 2284 1616 2327 captura

207 2337 309 2373 deux
339 2337 500 2387 grandes
521 2337 668 2388 galeres
700 2337 950 2387 napolitaines
983 2352 1047 2374 sur
1070 2338 1124 2374 les
1147 2339 1249 2375 cotes
1277 2338 1323 2375 de
1349 2337 1480 2375 Galice
1507 2337 1616 2383 etles

207 2408 380 2432 emmena
404 2408 448 2432 en
471 2394 717 2432 Normandie.
741 2398 792 2432 Le
819 2396 875 2432 roi
902 2395 1077 2433 Fernand
1098 2396 1232 2433 s’avisa
1258 2396 1304 2433 de
1334 2396 1388 2432 les
1409 2395 1614 2433 redeman-

208 2454 275 2492 der
300 2455 385 2505 plus
408 2455 453 2492 de
476 2456 610 2505 quinne
631 2454 726 2492 mois
749 2456 859 2505 apres
878 2455 913 2492 la
933 2463 1089 2505 capture
1103 2486 1111 2502 ‚
1136 2455 1305 2492 e'crivant
1325 2458 1344 2492 a
1365 2468 1407 2492 ce
1430 2455 1526 2502 sujet
1544 2467 1616 2491 une

208 2514 315 2551 lettre
332 2516 381 2551 ou
403 2514 427 2550 il
453 2514 611 2564 epuisait
632 2522 715 2550 tous
740 2513 794 2549 les
815 2521 952 2551 termes
975 2513 1021 2551 de
1049 2514 1320 2551 l⁷etonnement
1340 2527 1405 2550 sur
1427 2527 1470 2550 ce
1497 2516 1615 2563 qu’un

208 2573 327 2624 pareil
348 2582 503 2610 attentat
523 2573 624 2610 avait
645 2574 702 2610 ete
720 2573 877 2609 commis
899 2586 1034 2610 envers
1054 2586 1105 2609 un
1123 2573 1327 2610 souverain
1348 2572 1447 2609 aussi
1467 2571 1617 2609 devoue

209 2644 282 2681 que
317 2631 369 2668 lui
400 2645 475 2668 aux
504 2632 658 2668 interets
686 2632 732 2668 de
758 2631 793 2668 la
813 2633 969 2671 Franee.
1000 2631 1114 2670 Louis
1144 2634 1199 2669 XI
1224 2632 1277 2668 lui
1307 2630 1483 2682 repondit
1511 2631 1558 2668 de
1582 2631 1618 2669 la

210 2693 332 2727 meme
354 2704 482 2735 encre,
505 2690 628 2728 disant
647 2690 737 2740 qu’il
759 2703 806 2727 ne
826 2691 945 2728 savait
966 2699 1155 2728 comment
1175 2691 1368 2742 exprimer
1391 2703 1430 2728 sa
1450 2689 1617 2740 surprise
