1923 3020
289 270 361 305 392
640 264 977 301 HISTORIARUM
1006 263 1241 298 LUDOVICI
1267 263 1321 298 XI

749 434 1084 478 CAPITULUM
1120 433 1217 477 VII.

366 553 416 584 De
434 549 533 596 gestis
552 562 614 596 per
632 561 747 594 regem
766 547 931 581 adversus
949 559 1064 592 regem
1085 547 1207 580 Siciliae
1221 574 1228 587 ‚
1248 547 1458 580 avunculum
1481 558 1581 580 suum
1593 572 1601 587 ‚

679 611 711 635 ct
730 601 894 635 adversus
912 600 1036 634 ducem
1057 600 1100 634 de
1121 604 1292 634 Nemours.

350 720 446 762 Hac
468 724 625 761 autem
648 723 862 777 suscepta
894 714 1030 759 ruina
1063 730 1089 760 a
1115 713 1505 777 Burgundionum
1541 714 1684 771 duce,

285 796 366 858 qui
389 802 582 858 perante
603 807 699 836 non
722 790 868 836 modo
888 794 1177 836 Francorum
1207 791 1327 851 regi,
1352 790 1433 836 sed
1466 790 1688 835 omnibus

285 874 425 918 etiam
446 870 654 915 finitimis
672 869 838 914 terrori
862 878 981 927 erat,
1008 878 1052 913 et
1074 867 1201 913 velut
1220 867 1546 931 insuperabilis
1562 867 1688 913 bello

286 966 313 995 a
344 947 556 1013 plurimis
591 945 862 1009 putabatur,
905 960 1002 989 non
1036 943 1165 989 dictu
1197 953 1265 989 est
1297 943 1429 990 facile
1464 954 1688 1006 quantam

288 1025 397 1071 inde
438 1031 721 1087 acceperunt
766 1021 973 1066 laetitiam
1011 1020 1175 1084 populi
1213 1022 1345 1082 regni
1375 1024 1687 1078 Francorum,

287 1102 420 1165 quasi
442 1101 667 1147 divinitus
690 1097 749 1144 ab
773 1098 1088 1143 infensissimo
1113 1096 1250 1141 hoste
1276 1112 1362 1141 suo
1388 1097 1503 1141 ultio
1531 1114 1692 1160 repos-

287 1179 378 1224 cita
414 1177 586 1222 fuisset.
617 1174 755 1220 Unde
792 1174 836 1218 in
872 1172 1086 1236 pluribus
1118 1170 1315 1216 urbibus
1339 1180 1384 1216 et
1417 1171 1531 1216 locis
1562 1173 1693 1233 regni

290 1270 469 1317 magnae
488 1252 715 1297 indicium
740 1250 904 1294 laetitiae
929 1257 972 1293 et
996 1247 1335 1292 consolationis
1360 1246 1690 1307 ostenderunt3

290 1333 430 1378 etiam
464 1332 593 1392 ignes
632 1338 677 1373 et
709 1328 831 1373 faces
864 1325 1053 1389 publice
1077 1325 1125 1369 in
1160 1324 1324 1388 plateis
1347 1323 1692 1381 accenderunt,

290 1409 464 1454 choros
487 1417 532 1452 et
555 1404 771 1451 convivia
797 1420 906 1448 cum
930 1402 1168 1447 alacritate
1192 1416 1361 1464 magna
1386 1400 1587 1464 proinde
1611 1401 1694 1447 du-

289 1495 446 1531 centes
477 1500 531 1529 ae
566 1482 804 1528 facientes.
833 1482 926 1524 Nec
949 1479 1132 1523 minore
1161 1477 1316 1524 laetitia
1339 1494 1419 1523 rex
1439 1478 1537 1541 ipse
1561 1481 1699 1524 Fran-

291 1578 457 1607 corum
492 1559 705 1624 perfusus
742 1557 880 1602 fuisse
912 1555 1176 1601 credendus
1210 1564 1302 1613 est⁷
1341 1554 1448 1617 qui,
1477 1570 1587 1599 cum
1614 1571 1698 1617 per

294 1654 492 1700 regnum
528 1652 663 1681 suum
707 1634 866 1697 copias
897 1649 1000 1678 suas
1037 1648 1167 1695 paene
1211 1647 1376 1676 omnes
1412 1630 1697 1693 Lugdunum

296 1731 443 1777 usque
465 1723 511 1758 et
533 1728 665 1758 oram
691 1709 934 1756 Sabaudiae
953 1708 1254 1767 traduxisset,
1283 1706 1450 1753 exinde
1477 1717 1698 1753 eventum

294 1791 401 1836 belli
428 1790 554 1835 velut
573 1807 598 1834 e
623 1788 845 1852 spelunca
873 1785 1244 1850 praestolabatur,
1268 1785 1400 1830 ducis
1425 1785 1699 1831 animosita-

297 1878 391 1913 tem
417 1883 513 1911 non
538 1865 621 1911 abs
642 1881 691 1910 re
710 1865 900 1921 veritus,
924 1863 1005 1908 ubi
1028 1863 1132 1909 felix
1156 1863 1376 1920 victoria,
1401 1878 1532 1925 aeque
1556 1871 1607 1907 ut
1625 1862 1697 1907 in-

300 1944 446 1989 fausta
470 1943 605 1988 ruina
628 1941 715 1987 sibi
736 1940 1046 2004 provenisset.

363 2019 456 2065 Sed
478 2035 575 2064 non
603 2017 788 2064 interim
817 2032 1026 2076 prorsus,
1054 2016 1168 2061 (lum
1188 2016 1288 2062 haec
1309 2017 1370 2062 ita
1388 2016 1509 2061 inter
1530 2015 1699 2060 ducem

301 2106 343 2140 et
372 2097 606 2141 Suitenses
639 2103 929 2156 gererentur,
964 2109 1041 2137 rex
1069 2093 1167 2155 ipse
1199 2092 1408 2137 feriabat.
1446 2094 1562 2136 Nam
1592 2107 1701 2136 cum

302 2172 597 2218 intellexisset
619 2171 691 2217 vel
717 2170 974 2233 suspicatus
996 2169 1171 2227 luisset,
1197 2186 1276 2214 seu
1293 2169 1433 2214 etiam
1451 2167 1703 2213 confinxis-

301 2259 390 2305 set‚
421 2266 575 2309 regem
602 2252 830 2294 Renatum
856 2246 1044 2305 Siciliae‚
1074 2245 1360 2291 avunculum
1395 2262 1556 2303 suum,
1584 2244 1702 2290 velle

302 2325 485 2370 tradere
512 2326 619 2370 duci
643 2326 919 2371 comitatum
943 2340 1079 2368 suum
1102 2323 1382 2379 Provinciae,
1412 2323 1458 2368 in
1484 2339 1579 2384 quo
1603 2332 1703 2366 tum

303 2401 522 2463 degebat,
560 2412 741 2447 retento
774 2401 861 2445 sibi
897 2400 1132 2462 ejusdem,
1159 2399 1318 2462 quoad
1352 2400 1549 2457 viveret,
1588 2415 1704 2443 usu-

306 2479 507 2537 fructu¹,
539 2478 687 2522 voluit
715 2488 894 2540 partem
932 2478 1177 2541 copiarum
1206 2494 1398 2523 suarum
1429 2478 1476 2523 in
1511 2478 1704 2522 Provin-

364 2614 399 2647 1.
433 2611 482 2646 Ce
516 2608 638 2658 projet
671 2607 759 2644 &tait
802 2609 998 2654 tres-reeh
1039 2609 1183 2659 malgre
1219 2608 1470 2645 l'incrc'edulite
1507 2605 1706 2657 qu'affecte

307 2668 482 2706 l'auteur,
507 2667 598 2703 Voir
620 2667 673 2703 les
694 2666 824 2702 details
845 2667 1229 2704 11·t·s-ci1·constancie'=s
1249 2667 1394 2703 donnes
1417 2668 1437 2702 ἐι
1457 2680 1498 2702 ce
1519 2666 1614 2712 sujet
1638 2678 1705 2714 par

310 2726 484 2776 Philippo
511 2726 557 2763 de
576 2726 805 2772 Commines,
829 2726 854 2764 l.
878 2729 922 2768 V,
946 2740 976 2762 c.
1004 2741 1047 2764 11.
