1923 3020
709 257 853 294 LIBER
879 258 1075 293 PRIMUS.
1118 259 1121 262 ’
1537 260 1585 294 49

197 345 352 401 batur,
378 345 625 405 statimque
643 359 667 388 a
688 343 924 388 Ludovico
943 342 1110 405 regalia
1127 360 1209 405 per
1227 353 1374 389 totum
1393 359 1587 405 regnum

196 420 416 466 mandata
450 429 797 482 processerunt,
835 420 1095 465 intimantia
1130 419 1328 480 qualiter
1356 436 1434 465 rex
1466 423 1589 465 Hen-

196 498 293 542 rico
333 506 377 541 et
417 496 585 556 reginae
627 495 822 558 praefatis
865 495 1033 541 auxilia
1074 496 1212 540 totius
1254 497 1380 556 regni
1417 496 1591 542 viribus

196 581 410 636 praestare
437 581 481 616 et
503 572 675 617 bellum
706 571 924 617 Edoardo
955 572 1124 617 inferre
1146 572 1448 628 decerneba13
1477 590 1593 637 prae-

197 647 414 711 cipiendo
437 648 656 693 omnibus
680 649 809 710 regni
829 648 1118 711 principibus
1137 659 1181 694 et
1200 649 1403 695 vassallis
1418 666 1471 695 ac
1488 650 1593 695 sub-

197 723 304 768 ditis
322 723 696 785 quibuscumque
714 733 757 769 et
776 724 1110 785 cujuscumque
1128 733 1270 770 status
1292 735 1371 771 aut
1389 728 1594 771 eminen-

198 801 268 845 tiae
302 800 477 856 forent,
507 810 737 861 quatenus
772 800 946 845 eisdem
975 800 1070 859 regi
1110 801 1311 846 Henrico
1349 811 1394 847 et
1427 803 1595 865 reginae

197 891 481 938 suarumque
519 876 777 921 fautoribus
817 886 861 921 et
900 875 1206 920 sectatoribus
1247 879 1449 939 partium
1491 895 1592 924 om-

198 968 305 996 nem
330 952 537 997 saxforem
571 968 808 1013 omneque
839 952 1141 997 humanitatis
1175 968 1228 997 ac
1258 952 1594 1001 benevolentiae

198 1027 403 1073 officium
447 1028 743 1087 exhiberent3
789 1029 834 1073 in
879 1027 1148 1074 Edoardum
1199 1038 1384 1088 autem,
1427 1047 1593 1076 eorum

197 1103 380 1150 hostem
413 1115 456 1150 et
480 1106 607 1166 regni
633 1106 894 1150 invasorem
929 1114 1067 1166 atque
1091 1115 1422 1167 occupatorem
1453 1107 1596 1168 injus-

199 1190 324 1238 tum,
372 1181 702 1243 studiososque
746 1191 789 1226 et
831 1181 1095 1226 defensores
1137 1197 1325 1226 suarum
1361 1183 1592 1245 partium,

199 1259 360 1302 omnia
389 1258 514 1302 velut
536 1259 581 1302 in
617 1258 795 1303 hostem
825 1268 1035 1320 gererent
1067 1268 1206 1320 atque
1232 1270 1513 1305 exercerent.
1544 1264 1597 1305 Et

198 1333 288 1378 hoc
308 1334 497 1396 quidem
521 1333 665 1378 modo
688 1333 840 1379 verbis
858 1344 994 1396 atque
1013 1335 1267 1394 mandatis,
1288 1336 1486 1399 praesatis
1503 1338 1598 1398 regi

197 1410 400 1455 Henrico
434 1420 479 1455 et
512 1410 608 1471 ejus
640 1410 855 1471 conjugi,
884 1409 1130 1473 dupliciter
1153 1411 1246 1456 suis
1270 1411 1593 1470 consobrinis,

199 1503 274 1531 rex
302 1491 588 1532 Francorum
615 1486 878 1531 Ludovicus
899 1487 1064 1532 auxilia
1082 1497 1126 1532 et
1145 1488 1306 1535 solatia
1325 1489 1522 1548 ferebat3
1547 1507 1596 1535 re

198 1574 353 1608 autem
393 1564 515 1626 ipsa‚
556 1562 671 1624 quid
706 1563 863 1607 animo
889 1564 1097 1625 gestiret,
1137 1581 1338 1626 quamve
1375 1577 1596 1612 constans

197 1640 244 1684 in
269 1640 402 1685 dictis
420 1640 749 1702 promissaeque
774 1638 881 1684 fidei
904 1650 1037 1685 tenax
1063 1652 1204 1697 esset,
1231 1652 1416 1688 secutus
1437 1660 1594 1689 rerum

198 1716 505 1762 manifestavit
530 1725 740 1761 eventus.

261 1795 368 1837 Erat
404 1802 501 1837 tum
538 1810 562 1837 e
601 1793 703 1853 fuga
738 1802 782 1837 et
817 1793 1001 1838 latebris
1034 1794 1256 1856 (quibus,
1284 1797 1440 1841 furore
1475 1798 1594 1858 regis

197 1869 440 1927 saeviente,
468 1886 565 1914 sese
593 1868 806 1914 occulere
836 1886 1022 1915 necesse
1050 1871 1305 1932 habuerat)
1331 1873 1594 1934 quomodo-

196 1961 397 2007 cumque
420 1946 742 1992 reconciliatus
768 1956 983 1992 strenuus
1008 1948 1159 2006 miles,
1185 1949 1404 1994 dominus
1430 1953 1592 1995 Petrus

197 2020 256 2066 de
278 2024 438 2079 Brezi,
467 2022 523 2066 de
552 2038 646 2083 quo
676 2038 814 2084 supra
837 2024 1169 2069 meminimus¹.
1198 2028 1331 2070 Hunc
1356 2025 1590 2088 perditum

196 2098 251 2142 iri
277 2100 469 2162 cupiens
504 2116 604 2153 rex,
636 2099 767 2159 quasi
806 2099 898 2143 suis
922 2099 1217 2145 consobrinis
1244 2102 1396 2147 valida
1421 2102 1591 2148 auxilia

197 2176 575 2230 transmissurus,
620 2174 828 2235 trajicere
866 2175 911 2219 in
953 2177 1155 2221 Scotiam
1186 2178 1351 2238 jussit;
1386 2178 1466 2223 sed
1505 2195 1590 2224 nec

197 2252 392 2298 classem
408 2253 466 2308 ei,
490 2268 576 2296 nec
596 2251 805 2296 militiam
825 2252 1047 2313 aliquam,
1068 2270 1147 2298 seu
1169 2253 1479 2315 colligendam
1494 2293 1503 2311 ‚
1532 2256 1589 2301 ad

197 2328 428 2391 stipendia
457 2327 683 2372 militibus
708 2326 914 2372 facienda
932 2363 942 2382 ,
966 2329 1212 2391 pecuniam
1233 2329 1435 2392 aliquam
1461 2332 1593 2376 mini-

198 2407 393 2450 stravit2.
420 2409 535 2450 Cum
561 2420 668 2449 vero
701 2404 776 2449 tali
807 2421 998 2450 munere
1019 2406 1101 2466 <sic
1128 2406 1410 2470 inparatum
1433 2425 1592 2454 neces-

250 2555 285 2589 1.
318 2553 530 2600 Ci-dessus,
552 2567 589 2603 p.
614 2558 650 2590 ὅ.

250 2615 288 2650 2.
321 2614 348 2649 Il
372 2622 426 2649 est
446 2613 657 2658 demontrc,
681 2627 748 2664 par
771 2626 821 2650 un
840 2621 920 2650 acte
941 2614 990 2651 du
1009 2615 1143 2651 Trc'sor
1163 2615 1229 2653 des
1245 2615 1399 2653 Chartes
1420 2619 1475 2662 (J.
1496 2619 1591 2664 648,

196 2685 235 2709 n.
261 2674 283 2707 2
298 2679 328 2719 j,
353 2672 443 2721 qu’il
469 2674 573 2721 prcta
598 2674 646 2709 ‘20
668 2675 743 2708 000
768 2672 902 2717 liwes,
931 2672 1022 2709 dont
1043 2673 1164 2711 Calais
1185 2673 1311 2711 dcvait
1331 2676 1408 2711 &tre
1432 2674 1466 2711 le
1486 2688 1592 2726 gage.

196 2731 394 2775 Michelet‚
418 2733 578 2767 Histoire
599 2733 645 2767 cle
665 2734 826 2779 France,
849 2740 874 2768 t.
896 2734 960 2779 VI,
984 2746 1023 2782 p.
1046 2734 1108 2769 31.

408 2815 441 2837 11
1358 2805 1380 2839 4
