1923 3020
731 272 875 309 LIBER
903 270 1167 309 SECUNDUS.
1576 270 1591 304 1
1603 270 1650 305 33

252 378 362 408 cens
383 398 394 419 ,
426 361 577 407 vicem
617 360 683 405 eis
711 375 809 405 non
832 357 979 404 modo
1002 373 1165 422 parem
1201 355 1261 402 ad
1298 355 1434 401 sortis
1463 353 1650 417 aequali-

255 447 416 496 tatem,
445 437 528 483 sed
551 454 660 483 cum
678 436 859 499 magnis
880 436 1056 481 foenore
1079 443 1125 480 et
1148 433 1319 492 usuris,
1344 431 1574 495 rependit.

315 513 468 559 Semel
483 514 640 572 ctiam,
661 530 769 559 cum
790 514 836 558 in
859 521 1069 577 patentes
1085 527 1275 574 campos
1295 509 1509 555 exiissent
1526 508 1652 573 apud

252 591 434 637 villam¹
477 590 553 635 cui
589 592 865 636 silonmaelse
898 606 1072 636 nomen
1104 599 1171 634 est
1193 626 1204 649 ‚
1240 598 1285 634 et
1321 588 1467 633 multa
1507 587 1651 634 millia

252 683 306 712 ex
328 665 468 727 vulgo
492 675 624 711 terrae
646 668 877 729 aggregati
902 667 993 712 illic
1017 674 1194 723 essent,
1229 664 1400 710 nobilis
1427 675 1471 710 et
1496 664 1653 710 claris-

253 744 397 788 simus
425 759 583 788 comes
613 743 671 788 de
703 748 917 802 Nassazc,
953 742 1234 788 senescallus
1258 742 1517 788 Brabantiae
1546 741 1653 805 [et]

251 819 474 864 dominus
509 819 568 864 de
606 820 797 877 Breda2,
834 836 941 865 cum
970 834 1116 882 parva
1139 834 1280 863 manu
1319 834 1428 863 cum
1450 818 1514 863 eis
1537 833 1652 863 con·

251 910 433 956 gressus
448 932 458 954 ⁷
492 894 617 958 ipsos
643 895 761 941 fudit
784 905 924 957 atque
950 894 1149 956 fugavit,
1185 893 1310 938 caesis
1339 909 1392 938 ex
1417 894 1482 938 eis
1504 910 1653 957 prope

251 971 439 1018 duobus
468 972 672 1019 millibus
696 983 742 1019 et
765 972 1047 1036 quingentis.

315 1049 405 1095 Sed
427 1066 514 1095 nec
536 1050 615 1095 tali
637 1050 767 1096 clade
784 1058 1016 1112 suscepta,
1044 1063 1131 1092 nec
1147 1055 1274 1092 metu
1296 1047 1516 1110 potentiae
1532 1049 1649 1094 tanti

251 1126 475 1190 principis
498 1127 688 1172 coerciti
708 1136 786 1172 aut
806 1125 1030 1185 deterriti,
1046 1140 1072 1170 a
1092 1140 1176 1170 sua
1199 1123 1452 1170 stoliditate
1468 1126 1652 1188 resipie-

250 1202 382 1249 bant.
406 1203 531 1259 Quin
548 1204 721 1266 potius,
737 1203 863 1249 velut
881 1202 1086 1265 quadam
1105 1200 1233 1246 rabie
1251 1210 1331 1247 aut
1347 1200 1525 1247 insania
1540 1202 1647 1259 acti,

250 1280 412 1343 pejora
440 1280 675 1343 prioribus
712 1281 862 1326 facere
890 1277 1184 1342 jactitabant,
1211 1287 1256 1323 et
1280 1277 1456 1323 nedum
1481 1278 1652 1324 talibus

250 1360 406 1423 impiis
419 1359 614 1417 actibus,
629 1360 711 1406 sed
726 1369 771 1406 et
784 1359 981 1423 vipereis
995 1358 1164 1421 linguis
1180 1395 1190 1414 ,
1215 1356 1437 1403 omnibus
1456 1356 1558 1402 telis
1572 1374 1652 1404 sae-

251 1437 458 1483 vioribus
486 1447 530 1482 et
563 1436 1035 1494 intolerabilioribus,
1079 1436 1127 1480 in
1165 1434 1237 1480 sui
1274 1434 1465 1479 exitium
1489 1433 1653 1497 praefa-

252 1523 409 1559 torum
438 1513 684 1559 illustrium
705 1513 838 1559 ducis
861 1523 906 1558 et
929 1513 1132 1564 comitis,
1154 1511 1381 1573 unigeniti
1405 1510 1494 1568 sui,
1520 1509 1652 1556 beni-

251 1589 472 1651 gnitatem
494 1598 537 1634 et
557 1589 852 1635 clementiam
873 1597 1183 1651 provocantes
1210 1597 1350 1650 atque
1371 1603 1653 1652 exasperan-

253 1676 334 1712 tes.
360 1667 511 1711 Facile
542 1666 667 1711 enim
695 1683 790 1711 non
819 1666 910 1712 dici
939 1675 1132 1730 possent
1167 1663 1344 1729 probra
1367 1673 1411 1710 et
1437 1665 1651 1711 convicia

251 1759 353 1805 quae
387 1743 451 1788 illi
484 1743 641 1788 miseri
670 1743 826 1789 stolidi
855 1753 899 1789 et
928 1744 1040 1789 fatui
1078 1744 1125 1788 in
1163 1741 1379 1805 praefatos
1411 1741 1649 1804 principes

251 1829 297 1865 et
327 1819 668 1865 nobilissimam
703 1819 976 1880 dominam,
1017 1830 1214 1866 matrem
1251 1818 1428 1883 praefati
1461 1817 1651 1864 illustris

250 1897 451 1954 comitis,
469 1897 610 1961 patris
624 1897 695 1942 sui
710 1897 957 1959 conjugem
969 1898 982 1919 ³
998 1897 1327 1961 probissimam
1341 1905 1481 1957 atque
1497 1896 1652 1940 castis-

249 1973 433 2032 simam,
456 1975 550 2019 suis
568 1976 807 2020 venenatis
828 1973 1304 2036 jaculabantlinguis3
1327 1982 1373 2018 et
1394 1972 1650 2035 praesertim

250 2049 315 2095 illi
338 2049 397 2096 de
414 2051 620 2096 Dinanto
641 2050 838 2115 oppido,
861 2050 1030 2114 opibus
1048 2059 1093 2096 et
1111 2050 1280 2095 divitiis
1305 2048 1452 2110 (unde
1473 2047 1649 2094 eisdem

250 2142 420 2188 magna
445 2127 664 2191 superbia
692 2137 738 2173 et
757 2128 892 2173 luxus
919 2125 1278 2190 proveniebant,
1304 2142 1407 2188 quae
1433 2142 1487 2170 ex
1509 2124 1650 2170 rebus

249 2204 468 2250 secundis
488 2205 598 2250 oriri
617 2203 788 2267 solent)
801 2214 911 2250 tunc
923 2204 1087 2268 procul
1102 2202 1247 2248 dubio
1259 2201 1646 2265 locupletissimo.

304 2333 339 2367 1.
376 2349 392 2364 «
415 2334 504 2383 Ung
522 2345 608 2382 gros
626 2332 778 2382 villaige
794 2361 804 2379 ‚
827 2332 980 2369 nomme
1008 2335 1255 2380 Montenacq‚
1283 2343 1362 2380 quy
1387 2339 1442 2368 est
1463 2333 1483 2367 51
1503 2330 1584 2367 dire
1603 2343 1650 2367 en

248 2390 410 2439 francois
429 2393 642 2442 Montigny‚
666 2400 771 2429 entre
790 2393 1041 2428 bainct-Tron
1060 2404 1107 2428 en
1124 2390 1315 2428 Hasebain
1332 2397 1368 2426 et
1387 2390 1516 2438 Verlo,
1540 2393 1560 2427 Ξι
1583 2403 1650 2426 en-

248 2449 358 2485 viron
384 2449 470 2499 cinq
496 2450 613 2487 lieues
639 2449 685 2487 de
708 2450 743 2487 la
768 2450 840 2487 cite'
865 2450 911 2487 de
934 2451 1061 2502 Lie'ge.
1088 2467 1103 2482 »
1130 2452 1292 2499 Jacques
1320 2449 1533 2499 Duclercq‚
1557 2452 1650 2486 ,Μέ-

248 2510 398 2553 moires,
420 2509 445 2546 l.
469 2511 515 2555 V,
537 2523 569 2546 e.
594 2523 697 2546 xmx.

300 2569 339 2606 2.
356 2567 543 2617 Duclercq
557 2568 630 2604 dit:
649 2586 664 2600 u
677 2571 728 2605 Le
738 2576 860 2605 comte
871 2568 918 2606 de
930 2571 1088 2616 Nansso,
1099 2567 1292 2605 seneschal
1306 2567 1352 2604 de
1365 2567 1574 2617 Haynault,
1587 2598 1594 2606 .
1606 2596 1615 2605 .
1625 2596 1632 2604 .
1642 2599 1651 2607 .

248 2627 282 2663 le
306 2627 483 2676 seigneur
497 2627 544 2664 de
558 2626 791 2678 Rubempre'g
805 2628 923 2680 grand
936 2628 1052 2678 bailly
1067 2628 1113 2664 de
1124 2626 1307 2673 Brabant3
1323 2645 1338 2659 »
1355 2640 1397 2664 ce
1412 2628 1475 2676 qui
1492 2627 1557 2664 sait
1570 2628 1655 2664 voir

247 2698 321 2735 que
339 2686 500 2723 Thomas
523 2687 633 2723 Rasin
660 2700 679 2723 a
702 2688 893 2725 confondu
913 2688 1011 2726 deux
1033 2699 1288 2739 personnages
1307 2699 1352 2723 en
1376 2699 1426 2723 un
1447 2687 1542 2723 seul.

301 2747 338 2781 3.
372 2744 532 2782 Isabelle
550 2745 596 2782 de
615 2746 807 2797 Portugal.
