1923 3020
666 279 807 314 LIBER
857 278 1080 324 QUINTUS.
1502 276 1576 310 373

177 381 280 409 rum
307 379 460 425 regem
486 364 792 425 Lotharingiae
816 363 952 416 duci,
978 364 1084 409 satis
1109 363 1375 426 propinqua
1400 377 1574 422 cogna-

176 438 313 482 tionis
332 437 450 481 linea
471 437 537 498 (in
555 438 700 499 gradu
718 438 891 483 scilicet
908 438 1043 482 tertio
1063 453 1117 482 ex
1138 446 1349 482 materno
1367 437 1576 496 generes]

174 530 220 558 se
235 513 469 568 attinenti,
489 514 570 573 qui
590 523 633 558 et
648 515 695 558 in
715 514 812 558 liaec
832 513 1025 558 adversa
1046 511 1108 556 ob
1123 526 1311 556 causam
1327 510 1397 555 sui
1422 510 1576 555 incur-

175 598 293 635 rerat
309 625 320 645 ,
344 597 392 632 ut
416 604 555 650 supra
579 590 821 634 retulimus
838 624 849 642 ,
877 587 951 632 atii
973 588 1208 632 Suitenses
1230 597 1275 631 et
1300 587 1364 632 eis
1386 586 1576 632 foedera·

175 675 242 709 tos
256 701 266 721 ,
287 665 353 708 vel
374 672 624 726 utrosque,
644 665 714 709 vel
732 664 978 708 alterutros
996 699 1005 717 ‚
1024 679 1121 707 non
1143 663 1384 707 defuturos
1404 662 1574 707 auxilio

172 740 229 786 ad
252 739 598 800 Lotharingiam
624 738 847 784 tuendam
862 773 875 796 ,
899 755 959 783 ne
979 739 1024 782 in
1051 754 1217 782 manus
1235 747 1278 783 et
1296 747 1573 800 potestatem

170 816 300 861 ducis
327 816 605 877 Burgundiae
638 815 897 860 deveniret.
925 817 1025 859 Hoc
1058 814 1181 858 enim
1209 830 1304 858 non
1332 816 1572 860 modicum

171 891 485 937 formidabant
518 895 808 937 Ferretenses
848 900 987 953 atque
1027 891 1384 951 Argentinenses
1420 901 1464 936 et
1496 892 1573 936 alii

169 969 351 1013 finitimi
390 969 649 1013 Germaniae
674 967 836 1031 populi
871 968 1049 1030 ipsique
1073 968 1335 1026 Suitenses,
1366 969 1446 1030 qui
1476 968 1571 1013 hece

167 1054 332 1089 eontra
356 1060 402 1089 se
428 1045 580 1107 parari
602 1060 697 1088 non
723 1043 1030 1105 ignorabant,
1062 1059 1171 1087 cum
1196 1060 1251 1087 ex
1273 1043 1571 1105 Lotharingia

170 1120 299 1165 facile
324 1122 383 1166 ad
409 1137 544 1183 agros
578 1124 865 1166 Ferretenses
887 1130 931 1165 et
962 1120 1138 1165 Alsatiae
1163 1118 1332 1164 ducem
1361 1123 1569 1181 Burgun-

168 1196 254 1242 diae
273 1198 434 1260 copias
459 1213 564 1242 suas
586 1214 722 1259 posse
745 1197 991 1242 effundere
1016 1196 1342 1259 praeviderent.

230 1271 322 1316 Sed
350 1271 420 1315 his
450 1287 545 1316 non
574 1270 868 1315 obstantibus
899 1271 1037 1315 minis
1061 1270 1313 1331 multisque
1337 1280 1382 1314 et
1403 1271 1539 1316 variis
1555 1308 1565 1327 ,

165 1347 246 1407 qui
260 1346 317 1391 de
332 1346 662 1408 hujuscemodi
678 1346 1001 1403 versabantur,
1022 1345 1309 1401 rumoribus,
1325 1346 1384 1391 ad
1397 1348 1570 1409 persec-

165 1431 264 1467 tum
288 1439 434 1484 usque
457 1423 673 1486 perduxit
696 1423 790 1468 dux
815 1424 912 1486 ipse
944 1422 1218 1484 Burgundiae
1247 1433 1567 1486 conquoestum

165 1498 471 1559 Lotharingiae
491 1509 536 1544 et
554 1499 803 1545 comitatus
819 1500 1389 1552 Validorum-Montium⁵³,
1409 1500 1567 1562 eisque

162 1575 366 1637 priorem
390 1592 707 1638 possessorem
729 1577 870 1621 armis
891 1577 1066 1639 expuiit
1091 1587 1136 1621 et
1160 1585 1392 1621 exsortem
1413 1576 1567 1621 reddi-

161 1652 250 1709 dit,
278 1653 438 1715 paucis
466 1653 688 1699 duntaxat
720 1653 921 1716 demptis
952 1653 1176 1709 castellis,
1200 1669 1301 1715 quae
1334 1652 1472 1715 paulo
1500 1670 1567 1699 re-

163 1729 332 1773 motius
352 1730 399 1774 in
423 1730 581 1790 lingua
605 1740 651 1776 et
676 1732 866 1776 natione
892 1730 1155 1775 Germaniae
1179 1729 1456 1774 consistunt.

227 1808 372 1850 Porro
395 1806 569 1851 interea
596 1807 711 1850 dum
736 1807 781 1850 in
813 1806 937 1851 dicta
967 1806 1272 1867 Lotbaringiae
1297 1816 1560 1867 conquaesta

160 1879 448 1926 detineretur
472 1891 728 1943 occupatus
767 1884 864 1945 ipse
888 1882 1006 1938 dux,
1033 1898 1113 1926 seu
1154 1891 1201 1925 ut
1232 1898 1340 1926 eum
1372 1898 1455 1943 per
1486 1883 1562 1926 in-

160 1956 386 2002 directum
427 1975 453 2004 a
491 1958 618 2003 dicto
646 1975 787 2020 opere
824 1958 915 2004 alio
950 1967 1225 2003 revocarent
1260 1959 1400 2018 (cum
1432 1958 1563 2004 aliter

165 2033 469 2096 Lotharingiae
507 2036 718 2081 viderent
752 2052 798 2081 se
838 2052 934 2080 non
973 2051 1109 2097 posse
1134 2033 1414 2095 subvenire)
1431 2070 1441 2090 ‚
1480 2052 1559 2080 seu

159 2108 245 2153 alia
270 2126 568 2173 quacumque
597 2113 778 2157 ratione
795 2148 806 2170 ,
832 2112 1142 2173 irruptionem
1170 2110 1462 2173 repentinam
1497 2112 1561 2156 fe-

160 2196 321 2230 cerunt
360 2188 595 2233 Suitenses
634 2190 678 2233 in
717 2204 852 2249 agros
887 2197 932 2232 et
972 2186 1145 2250 oppida
1181 2186 1445 2244 Sabaudiae‚
1480 2189 1560 2249 qui

159 2261 353 2306 vicinius
376 2263 592 2324 adjacent
618 2264 740 2310 lacui
769 2267 1030 2319 Lemanno,
1057 2264 1103 2307 in
1133 2279 1272 2325 quem
1305 2262 1561 2310 Rhodanus

158 2337 308 2383 influit
332 2350 374 2384 et
409 2341 517 2386 inde
541 2342 682 2386 etiam
706 2340 823 2398 exit,
847 2341 895 2384 in
920 2340 1104 2385 civitate
1126 2339 1427 2385 Gebennensi
1446 2341 1473 2384 ³.
1507 2343 1560 2386 Et

211 2495 245 2529 1.
279 2494 397 2530 Marie
435 2494 618 2544 d'Anjou,
650 2496 752 2532 mere
779 2495 824 2532 de
857 2496 971 2534 Louis
992 2499 1068 2542 XI,
1101 2496 1190 2534 etait
1221 2497 1256 2534 la
1291 2510 1430 2547 propre
1458 2505 1557 2532 tante

156 2550 369 2589 d'Yolande
389 2553 567 2600 d’Anjou,
587 2555 690 2591 mere
711 2554 761 2590 du
782 2554 868 2592 duc.

207 2613 242 2647 2.
277 2614 327 2647 Le
350 2625 418 2649 ms.
445 2612 568 2657 ajoute
587 2627 650 2649 sen
670 2616 716 2649 dp
740 2613 1132 2662 Vallibus-ssl‘nntium,
1156 2616 1218 2666 qui
1252 2615 1405 2665 indique
1432 2616 1557 2652 l’liesi-

156 2669 270 2705 ration
292 2670 338 2705 de
364 2671 525 2708 l'auteur
543 2685 608 2709 sui·
628 2673 662 2709 la
684 2673 802 2709 forme
824 2673 937 2710 latine
958 2674 1008 2710 du
1029 2687 1116 2710 noni
1139 2675 1185 2711 de
1205 2673 1456 2710 Vaudemont.

207 2730 242 2765 3.
277 2730 445 2766 Geneve.
