1923 3020
275 221 349 255 296
645 214 982 251 HISTORIARUM
1012 213 1243 248 LL'DOVICI
1273 215 1326 248 XI

275 323 377 369 quae
417 315 542 367 gesta
585 300 834 346 constabat
871 299 1063 344 eosdem
1113 316 1274 344 eoram
1320 298 1678 362 archiepiscopo

279 379 607 441 Burdegalensi
631 395 712 422 seu
736 378 834 439 ejus
858 377 1053 432 vicario,
1079 387 1122 421 et
1153 377 1429 438 inquisitore
1454 376 1682 422 haereticae

274 458 530 523 pravitatis,
556 454 770 518 pluribus
804 452 1111 516 przesentibus
1143 452 1475 516 spectabilibus
1508 462 1552 499 et
1586 453 1681 498 cla-

276 535 467 581 rissimis
500 533 628 588 xiris,
664 531 811 575 divini
836 540 881 575 et
918 530 1254 591 humanijuris
1278 531 1454 594 peritis,
1487 530 1681 593 aliisque

273 612 510 677 plurimis,
556 608 748 654 eosdem
785 617 952 671 sponte
994 608 1039 652 in
1067 607 1172 669 jure
1214 607 1400 670 publice
1440 607 1682 653 confessos

272 689 426 752 quod,
455 703 479 732 a
505 702 611 748 rege
645 684 870 729 conducti
901 694 945 729 et
978 683 1037 729 ab
1066 700 1123 729 eo
1155 683 1432 729 muneribus
1458 684 1684 747 susceptis

273 764 610 830 promissisque
634 761 835 824 pellecti,
860 760 1084 805 adhibitis
1105 760 1502 806 incantationibus
1524 771 1568 806 et
1589 776 1685 805 ma-

273 844 416 890 leficis
441 840 726 904 quibusdam
760 839 955 894 artibus,
993 856 1228 883 venenum
1264 838 1417 883 eidem
1449 838 1575 897 duci,
1604 838 1684 882 do-

276 923 405 968 mino
430 936 535 975 suo,
559 917 770 980 ejusdem
790 917 909 978 regis
931 932 1157 976 germano
1182 919 1344 973 unico,
1366 916 1687 978 porrexissent

276 1009 320 1044 et
357 996 658 1042 tradidissent
687 1011 695 1037 ε
726 992 852 1038 unde
890 992 1063 1048 morbi,
1094 1009 1234 1054 quem
1263 992 1411 1036 suerat
1433 1009 1612 1054 passus,
1643 1001 1686 1037 et

275 1074 386 1121 lethi
414 1069 770 1118 irremediabilis
794 1084 932 1113 eausa
954 1068 1263 1130 prtwenisset.

343 1148 660 1197 Confluebant.
700 1146 838 1191 etiam
875 1144 1086 1206 ejusdem
1128 1143 1262 1188 ducis
1303 1143 1551 1188 Britanniae
1593 1143 1689 1206 epi-

279 1231 406 1276 stolae
444 1225 592 1290 quod,
628 1241 737 1269 eum
778 1222 1008 1266 exstineto
1045 1230 1091 1265 et
1132 1229 1323 1264 mortuo
1363 1219 1532 1264 eodem
1573 1220 1691 1265 duce

284 1304 562 1368 Aquitaniw,
607 1301 749 1345 iidem
774 1297 971 1342 venefici
1009 1306 1149 1359 atque
1189 1296 1387 1341 malefici
1425 1312 1481 1341 ex
1524 1296 1694 1341 Burde-

281 1383 381 1447 gala
407 1381 464 1426 ad
490 1397 555 1436 se,
585 1395 669 1441 per
693 1392 821 1421 mare
853 1374 1042 1419 adducti
1076 1374 1286 1428 fuissent,
1314 1374 1481 1418 iterato
1505 1372 1695 1436 publice

283 1459 499 1506 eamdem
537 1455 885 1500 consessionem
923 1468 1056 1496 suam
1104 1452 1150 1496 in
1192 1452 1343 1514 patria
1380 1467 1492 1506 sua,
1534 1466 1693 1496 coram

285 1535 496 1601 plurimis
536 1531 718 1592 magnis
751 1540 795 1575 et
830 1529 922 1574 side
950 1529 1103 1590 dignis
1143 1528 1281 1584 viris,
1310 1528 1450 1573 nullis
1474 1528 1695 1573 adhibitis

285 1611 548 1664 tormentis,
573 1610 815 1654 iterassent
836 1617 879 1651 et
897 1622 1055 1651 veram
1076 1622 1174 1650 esse
1195 1605 1595 1651 confirmassent&

350 1691 514 1736 Misera
539 1686 813 1732 mortalium
841 1684 1091 1728 hominum
1117 1683 1347 1741 conditio,
1366 1700 1486 1728 caeca
1504 1693 1545 1728 et
1559 1683 1696 1729 stulta

287 1768 486 1814 nimium
506 1764 704 1811 ambitio
725 1772 771 1808 et
794 1761 1026 1825 cupiditas
1047 1759 1350 1806 dominandi!
1384 1777 1487 1822 quae
1515 1770 1697 1806 tantum

288 1846 347 1893 ad
386 1840 823 1897 obtenebrandum,
860 1840 956 1884 imo
995 1850 1038 1883 et
1065 1837 1461 1899 exstinguendum
1484 1837 1698 1883 divinum

289 1922 402 1967 illud
426 1919 620 1966 rationis
655 1918 833 1973 lumen,
868 1932 964 1979 quo
1002 1914 1118 1960 nihil
1153 1914 1320 1959 melius
1357 1915 1416 1959 ab
1447 1914 1697 1959 immortali

345 2051 380 2084 1.
399 2047 427 2083 Il
442 2055 495 2083 est
509 2045 595 2082 bien
613 2042 766 2080 difficile
777 2042 823 2079 de
842 2042 964 2078 croire
977 2054 1051 2091 qne
1065 2042 1116 2078 les
1131 2054 1255 2077 aveux
1272 2040 1319 2077 de
1333 2041 1517 2078 Jourdain
1530 2043 1652 2078 Faure
1666 2051 1701 2079 et

290 2109 336 2145 de
360 2106 477 2143 Henri
500 2105 546 2141 de
566 2108 617 2140 La
639 2102 767 2139 Roche
786 2102 887 2138 aient
907 2102 964 2152 ete
987 2101 1014 2136 si
1039 2101 1221 2150 complets
1235 2132 1243 2147 ‚
1261 2100 1461 2149 puisqu'on
1480 2114 1528 2137 ne
1551 2109 1616 2150 put
1637 2115 1702 2151 pas

291 2181 337 2205 en
359 2165 450 2201 faire
470 2165 583 2199 sot-tir
603 2176 676 2199 une
695 2160 988 2197 condamnation
1009 2159 1048 2196 ni
1074 2162 1196 2195 meme
1221 2173 1270 2196 un
1294 2161 1425 2209 proces
1444 2173 1489 2196 en
1509 2160 1626 2209 regle.
1652 2163 1702 2197 Le

291 2226 364 2262 duc
385 2223 431 2259 de
453 2222 626 2258 Guienne
654 2221 708 2256 sut
734 2221 789 2256 six
812 2220 906 2255 mois
928 2218 1075 2255 malade
1094 2232 1179 2254 sans
1199 2221 1313 2268 qu’on
1334 2220 1489 2267 songeat
1510 2220 1527 2254 a
1550 2231 1704 2255 accuser

289 2287 323 2321 le
340 2283 411 2329 roi,
428 2282 619 2329 lorsqu'on
641 2279 832 2315 cherehait
851 2292 919 2328 par
937 2286 1020 2314 tous
1040 2278 1091 2314 les
1111 2291 1267 2326 moyens
1283 2278 1464 2328 possible*
1480 2280 1501 2315 a
1519 2279 1552 2315 le
1571 2287 1704 2315 mettre

290 2346 383 2380 dans
404 2354 454 2377 un
475 2338 645 2376 mauvais
666 2351 741 2373 cas.
761 2338 788 2373 Il
812 2337 952 2373 r‹'·sulie
970 2337 1016 2372 de
1039 2337 1226 2386 plusieurs
1248 2337 1372 2386 pieces
1393 2337 1609 2386 imprimees
1629 2340 1647 2374 a
1670 2337 1704 2374 la

290 2402 388 2438 suite
421 2399 470 2435 du
491 2397 704 2435 Commines
733 2396 779 2432 de
807 2397 964 2446 Lenglet
988 2398 1204 2447 Dusresnoy
1231 2402 1279 2444 (t.
1313 2401 1389 2442 ΙΙΙ,
1418 2412 1453 2447 p.
1489 2400 1607 2446 0279),
1630 2410 1703 2447 que

290 2459 405 2498 Louis
425 2461 478 2495 XI
503 2459 541 2494 lit
562 2457 607 2491 dc»
629 2456 733 2491 vivos-
755 2455 975 2491 ‹lemarches
1001 2457 1138 2505 aupres
1164 2456 1214 2492 du
1237 2457 1310 2492 duc
1331 2457 1376 2493 de
1399 2460 1585 2506 Bretagne
1607 2469 1704 2507 pour

288 2532 362 2569 que
384 2518 436 2554 les
458 2518 646 2565 prevenus
670 2515 968 2562 fiisseiitj11g‹'=sii
986 2518 1126 2551 {Nautes
1147 2529 1215 2565 par
1229 2516 1497 2564 l'archeveque
1511 2516 1556 2553 de
1567 2519 1699 2555 Tours,

288 2578 418 2616 assiste
448 2577 494 2612 de
521 2574 797 2611 commissaires
818 2587 862 2608 au
884 2573 995 2608 choix
1017 2573 1065 2609 du
1089 2573 1174 2610 duc.
1202 2575 1245 2610 Ni
1270 2584 1366 2612 cette
1385 2574 1480 2611 ossre
1497 2589 1546 2611 ne
1568 2575 1622 2611 sut
1641 2588 1700 2610 ac—

287 2639 432 2689 Combe,
453 2637 491 2674 ni
511 2636 546 2673 le
560 2635 756 2685 jugement
775 2635 879 2669 n'eut
900 2633 994 2675 lieu;
1018 2646 1065 2668 on
1086 2634 1194 2670 laissa
1216 2636 1361 2670 moui-ir
1377 2634 1559 2671 Jourdain
1581 2636 1700 2670 Faure

289 2711 334 2735 en
360 2697 510 2749 prison;
534 2708 582 2732 on
603 2707 649 2731 ne
669 2693 737 2731 sait
757 2705 823 2743 pas
844 2705 886 2729 ce
902 2705 976 2741 que
996 2691 1131 2728 l'autre
1153 2693 1299 2729 devint.
