1923 3020
724 286 862 321 LIBER
894 286 1087 321 PRIMUS.
1555 283 1595 317 31

209 378 295 422 hus
325 386 371 422 et
402 377 574 421 caeteris
605 375 825 438 gradibus
859 391 938 420 seu
968 372 1127 438 patriae
1158 371 1368 427 statibus,
1396 370 1458 415 ob
1492 371 1601 415 novi

209 454 326 514 regis
360 454 640 514 ingressum,
678 453 755 497 illo
787 450 1155 510 convenerant),
1189 464 1245 492 eo
1277 448 1405 509 quod
1437 463 1602 492 eorum

211 527 451 591 provincia
489 544 630 572 onere
674 527 954 572 tributorum
990 525 1095 588 plus
1133 524 1310 569 caeteris
1347 523 1601 568 Galliarum

210 606 461 669 provinciis
485 615 767 667 gravaretur,
796 621 842 649 se
873 606 916 648 in
945 620 1090 647 unum
1116 601 1412 662 colligentes,
1447 617 1601 661 regem

210 681 440 738 adierunt,
464 691 693 742 quatenus
712 682 835 744 piam
858 679 1143 724 voluntatem
1169 694 1316 733 suam,
1345 693 1486 739 quam
1506 678 1602 738 jam

212 765 255 808 in
278 763 489 826 pluribus
512 764 624 807 locis
649 762 982 816 manifestarat,
1011 760 1286 805 continuare
1309 769 1449 822 atque
1473 759 1606 805 effec-

211 840 278 883 tui
302 838 525 883 mandare
550 837 703 895 vellet,
728 852 952 898 suamque
972 835 1282 898 provinciam,
1311 852 1415 897 quae.
1435 836 1608 881 caeteris

212 916 463 978 provinciis
486 916 612 977 regni
640 916 848 975 graviore
872 913 1153 959 tributorum
1179 912 1389 974 pondere
1414 923 1607 958 onerata

212 1002 351 1048 esset,
383 991 647 1049 sublevare,
676 1001 815 1053 atque
846 990 1000 1053 patriae
1027 989 1216 1049 antiqua
1242 989 1480 1050 privilegia
1506 1006 1608 1050 quae

212 1069 352 1131 vulgo
373 1089 393 1111 «
411 1072 593 1114 Cartam
620 1072 999 1113 Rormannorum
1024 1084 1044 1108 »
1070 1064 1323 1128 appellant,
1352 1065 1609 1110 instaurare

213 1155 255 1191 et
280 1162 554 1190 conservare
583 1145 761 1190 eisdem
791 1144 1077 1204 dignaretur,
1113 1141 1444 1204 supplicantes.
1480 1145 1610 1197 Quos

214 1239 291 1267 rex
314 1222 498 1268 blandis
521 1222 750 1267 allocutus
784 1219 1096 1278 sermonibus,
1124 1220 1188 1264 eis
1212 1218 1446 1282 pollicitus
1471 1229 1539 1264 est
1563 1236 1610 1264 se

213 1299 329 1345 velle
370 1300 630 1345 contentari
675 1298 837 1344 tollere
872 1307 1009 1360 atque
1048 1296 1237 1342 abolere
1272 1306 1365 1341 tam
1410 1295 1612 1357 gabellas

214 1377 321 1422 salis
354 1393 494 1438 quam
523 1385 743 1437 quartum
769 1375 1011 1420 denarium
1036 1374 1305 1437 potionum¹
1331 1390 1433 1435 quae
1466 1374 1512 1418 in
1544 1383 1610 1419 ta-

214 1453 371 1498 bernis
402 1452 712 1509 ve1iclunuu·²,
745 1451 880 1497 simul
905 1468 1012 1496 cum
1033 1451 1332 1513 impositione
1364 1467 1445 1495 seu
1479 1450 1611 1496 dacia

214 1529 422 1574 vicesimi
440 1529 618 1574 denarii
642 1545 743 1590 quae
761 1528 817 1573 de
836 1527 1054 1573 omnibus
1068 1527 1362 1573 commerciis
1387 1537 1429 1572 et
1454 1527 1613 1573 vendi—

216 1604 420 1650 tionibus
436 1604 722 1663 exsolvituffl,
736 1604 878 1649 modo
893 1620 1123 1650 summam
1139 1603 1460 1667 dependerent
1472 1620 1610 1666 quam

216 1682 335 1744 patri
360 1698 444 1726 suo
465 1680 730 1738 solvebant;
763 1681 892 1742 cujus
917 1680 1120 1726 levandae
1139 1691 1183 1726 et
1205 1680 1494 1742 colligendae,
1518 1697 1611 1725 me-

216 1757 331 1802 liore
349 1767 487 1819 atque
510 1757 709 1802 faciliore
730 1757 872 1802 modo
895 1774 1034 1819 quem
1056 1758 1140 1820 ipsi
1163 1758 1282 1802 inter
1299 1774 1345 1802 se
1364 1757 1613 1819 concipere

216 1849 269 1877 ac
294 1834 559 1895 prospicere
589 1842 800 1895 possent,
829 1842 874 1877 et
899 1849 982 1895 per
1007 1834 1119 1878 tales
1146 1832 1396 1877 officiarios
1423 1848 1503 1876 seu
1526 1832 1614 1876 mi-

218 1909 386 1954 nistros
424 1926 543 1972 quos
579 1909 637 1954 ad
670 1909 761 1953 hoc
797 1908 1021 1954 ducerent
1058 1909 1381 1972 deputandos,
1424 1907 1615 1953 indulsit

218 1986 394 2031 eisdem
417 1986 697 2031 facultatem.
724 1986 1056 2031 AEstimabatur
1076 1996 1231 2031 autem
1252 2001 1434 2030 summa
1452 2001 1610 2047 quam,

219 2063 474 2108 novissimo
504 2079 653 2118 anno,
686 2072 816 2124 pater
846 2079 977 2121 suus,
1013 2071 1106 2107 tarn
1131 2078 1215 2125 per
1244 2062 1389 2107 tallias
1413 2078 1493 2106 seu
1518 2061 1614 2106 col-

218 2139 357 2185 lectas
402 2155 543 2201 quam
586 2155 668 2201 per
711 2138 797 2183 alia
832 2139 1281 2202 praenominatorum
1320 2137 1613 2199 vectigalium

219 2232 413 2277 genera,
446 2216 690 2261 defunctus
720 2231 793 2259 rex
824 2216 869 2259 111
902 2216 1187 2260 Normannia
1212 2215 1443 2260 levaverat
1469 2214 1612 2275 (ultra

214 2293 290 2353 jus
327 2309 463 2337 suum
505 2292 820 2349 ordinarium,
860 2292 989 2353 quod
1028 2292 1167 2353 vulgo
1216 2291 1491 2337 domanium
1530 2307 1612 2354 ap-

275 2468 309 2501 1.
342 2467 553 2501 portionum
573 2463 665 2499 dans
685 2462 719 2498 16
740 2475 808 2498 ms.

273 2525 309 2559 2.
347 2541 362 2555 α
382 2526 433 2559 Le
454 2530 565 2573 quart
585 2521 715 2558 denier
742 2521 807 2558 des
831 2521 999 2558 boissons
1029 2521 1197 2558 vendues
1223 2535 1270 2558 au
1297 2521 1430 2567 detail,
1453 2540 1468 2553 »
1497 2521 1615 2570 impot

221 2582 321 2628 ‹ti-ee,
341 2595 390 2617 ou
412 2581 462 2617 (111
482 2582 602 2617 moins
624 2582 729 2630 porte
750 2583 768 2617 ii
789 2594 830 2618 ce
851 2581 982 2618 chiffre
1006 2581 1221 2619 exorbitant
1239 2595 1307 2631 par
1325 2582 1480 2618 Charles
1494 2584 1573 2617 Vll.

276 2643 312 2678 3.
348 2659 362 2673 u
383 2640 642 2690 L'imposition
663 2654 711 2676 (111
737 2640 825 2677 daec
848 2640 897 2676 du
918 2641 1122 2691 vingticine
1143 2640 1275 2677 denier
1294 2641 1357 2689 qui
1377 2654 1414 2677 se
1436 2653 1530 2689 paye
1550 2653 1614 2676 sur

224 2708 342 2735 toules
362 2699 414 2735 les
439 2699 610 2736 denrccs.
634 2717 647 2729 ==
672 2699 767 2736 C'est
799 2713 842 2736 ce
870 2703 985 2748 qu’on
1018 2700 1183 2749 appelait
1213 2700 1264 2736 les
1296 2699 1529 2749 impositious
1557 2699 1615 2734 fo-

224 2775 361 2800 rames,
