1923 3020
663 212 806 247 LIBER
846 211 1087 256 QUARTUS.
1501 213 1540 247 31
1553 213 1573 247 9

177 314 320 360 parvo
348 298 735 360 Burgundionum
758 300 1018 361 potentiani
1039 299 1341 357 aestimante53
1364 297 1442 342 sed
1467 314 1575 342 cum

175 374 254 419 illo
279 375 409 419 ducis
433 375 660 420 exercitus
696 375 906 434 advenit,
947 375 1085 437 longe
1109 391 1269 433 seCUS,
1299 390 1352 420 ac
1386 390 1434 419 se
1470 390 1573 437 per-

175 460 282 496 ante
301 450 611 512 jactitassent,
640 452 968 497 exhibuerunt.

241 526 495 572 Obsessum
522 537 589 572 est
620 529 773 589 primo
799 529 1029 591 oppidum
1057 528 1115 573 de
1144 528 1289 573 Vetzlo
1313 543 1454 590 supra
1478 529 1577 574 Mo—

175 618 299 658 sam,
326 602 457 664 quod
489 602 548 648 de
583 620 666 648 sua
698 605 960 649 munitione
996 604 1252 667 plurimum
1284 603 1573 663 confidebat3

175 679 303 739 atqui
339 695 447 723 cum
483 679 529 723 in
570 680 732 741 paucis
770 679 935 724 diebus
974 680 1202 725 machinis
1239 697 1292 725 ac
1331 683 1577 726 tormentis

175 771 384 818 pressum
407 754 589 810 fuisset,
609 756 763 800 statim
786 755 844 800 de
867 755 1107 800 deditione
1130 757 1437 816 cogita1·unt¹‚
1462 775 1577 821 pau-

174 832 238 876 cis
262 848 315 877 ex
348 832 413 877 eis
437 832 516 894 qui
539 832 712 894 recepti
737 841 845 876 sunt
875 832 1105 894 supplicio
1142 832 1340 891 affectis,
1381 850 1500 896 quos
1530 835 1576 879 in

174 908 446 970 recipiendo
467 907 756 953 deditionem
781 907 876 952 dux
904 907 1290 970 Burgundionum
1322 926 1406 954 suo
1432 927 1577 956 reser-

175 994 303 1030 varat
329 984 538 1030 arbitrio.
568 984 744 1030 Exinde
769 984 827 1029 ad
851 984 1034 1030 diversa
1067 985 1294 1048 oppidula
1318 996 1361 1030 et
1393 987 1578 1033 castella

174 1062 489 1124 aggredienda
512 1063 739 1108 exercitus
765 1078 862 1107 sese
886 1061 1071 1119 effudit3
1096 1079 1198 1125 quae
1223 1064 1382 1108 omnia
1408 1064 1573 1123 ferme,

175 1138 363 1184 modica
397 1149 476 1184 aut
511 1138 638 1184 nulla
677 1138 892 1202 opposita
928 1139 1212 1197 resistentia,
1249 1150 1434 1202 recepta
1471 1151 1580 1186 sunt

178 1231 325 1277 usque
349 1215 707 1276 Noviomagum.
735 1218 853 1259 Cum
880 1224 1032 1259 autem
1059 1214 1137 1260 illo
1168 1214 1261 1259 dux
1287 1216 1580 1275 Burgundio-

176 1307 290 1336 num
314 1291 539 1354 applicuit
560 1301 605 1336 et
631 1300 781 1336 castra
805 1301 1006 1336 metatus
1029 1301 1123 1349 est,
1151 1292 1198 1336 in
1225 1291 1371 1336 tribus
1396 1291 1579 1337 hebdo⁶

176 1367 392 1413 madibus
423 1369 485 1413 ita
516 1368 714 1413 turrium
752 1366 1104 1430 propugnacula
1137 1384 1393 1430 murosque
1424 1379 1470 1412 et
1500 1384 1579 1413 eo-

174 1460 279 1488 rum
318 1445 604 1489 munitiones
644 1445 857 1507 petrariis
892 1461 945 1489 ac
980 1445 1226 1490 tormentis
1271 1444 1402 1506 fregit
1441 1454 1580 1506 atque

175 1520 363 1582 dejecit,
390 1532 439 1567 ut
459 1521 636 1584 absque
660 1538 833 1583 magno
855 1522 1047 1584 negotio
1070 1522 1326 1584 expugnari
1348 1522 1580 1585 oppidum

174 1608 217 1643 et
253 1615 337 1662 per
359 1601 453 1644 vim
489 1609 628 1662 atque
662 1599 887 1645 insultum
921 1599 1023 1661 capi
1048 1599 1303 1662 potuisset,
1330 1599 1417 1644 nisi
1443 1599 1579 1662 oppi-

174 1676 285 1722 dani
311 1677 542 1740 supplices
569 1687 708 1739 atque
744 1677 944 1721 nimium
981 1676 1209 1735 exterriti,
1239 1677 1373 1722 venia
1409 1677 1577 1739 petita,

173 1754 464 1799 deditionem
500 1755 714 1801 faciendo
754 1753 1015 1817 periculum
1048 1754 1345 1799 evitassent2.
1375 1757 1582 1798 Fuerunt

174 1840 332 1876 autem
355 1831 415 1876 ad
443 1832 636 1894 gratiam
660 1831 860 1894 recepti,
891 1830 1049 1889 armis,
1077 1830 1224 1893 portis
1247 1839 1386 1892 atque
1412 1831 1578 1876 moeni-

173 1907 262 1953 bus
287 1917 332 1953 et
367 1917 464 1953 tola
495 1907 660 1971 oppidi
696 1908 958 1953 munitione
994 1923 1209 1969 quoque,
1247 1916 1290 1951 et
1317 1906 1579 1952 incolarum

175 1986 272 2047 ejus
313 1986 565 2049 privilegiis
598 2001 651 2030 ac
681 1984 971 2030 libertatibus
1010 1983 1066 2028 ad
1107 1984 1296 2028 victoris
1335 1983 1580 2029 arbitrium

177 2063 418 2123 resignatis
441 2073 485 2108 et
504 2062 722 2107 dimissis.
751 2062 841 2117 Qui
862 2062 1026 2119 etiam,
1054 2076 1140 2122 pro
1167 2060 1424 2105 resistentia
1447 2070 1492 2106 et
1514 2061 1581 2106 in-

177 2138 446 2185 obedientia
468 2156 584 2202 quas
610 2139 839 2195 fecerant,
861 2137 1072 2182 mulctari
1092 2136 1362 2182 ferebantur
1380 2137 1430 2182 in
1451 2147 1580 2183 octo-

177 2220 302 2281 ginta
326 2220 531 2266 millibus
554 2220 844 2265 florenorum
869 2218 1189 2263 rhemensium.

240 2298 453 2343 Exterriti
478 2308 633 2343 autem
652 2297 710 2342 de
731 2297 1005 2358 *Noxiomagi
1023 2295 1316 2355 subactione,
1339 2296 1470 2359 quod
1493 2313 1579 2342 cae-

175 2375 282 2420 teris
298 2375 516 2420 omnibus
541 2374 846 2437 reputabatur
868 2374 1006 2435 longe
1033 2372 1234 2432 firmius,
1256 2375 1493 2436 potentius
1518 2385 1580 2420 at-

174 2468 266 2514 que
285 2452 561 2515 populosius
582 2452 755 2497 caeteris
773 2461 1002 2496 terrarum
1022 2450 1204 2495 illarum
1227 2451 1431 2514 oppidis,
1457 2452 1579 2497 cives

228 2572 265 2606 1.
299 2570 445 2607 Venloo
475 2583 513 2606 se
543 2569 687 2615 rendit,
720 2569 756 2604 le
785 2570 827 2604 21
857 2568 940 2615 juin
971 2571 1089 2615 1473,
1117 2570 1227 2619 apres
1250 2578 1385 2619 quatre
1402 2570 1511 2617 jours
1531 2569 1579 2608 de

177 2630 292 2680 siege.

229 2690 251 2724 2
301 2691 352 2724 Le
375 2690 422 2724 19
439 2687 574 2735 juillet.
