1923 3020
721 242 863 276 LIBER
899 240 1112 277 TERTIUS.
1536 241 1611 275 225

219 337 346 385 sent,
374 344 468 372 non
506 343 702 390 parvum
740 344 987 374 moerorem
1004 365 1014 385 ,
1043 327 1161 374 ultra
1186 327 1364 390 priores
1386 326 1607 388 injurias,

220 422 306 450 suo
331 405 489 450 animo
515 404 802 466 adjecerunt.

288 483 374 524 Pro
409 495 501 540 qua
532 498 580 525 rc.
623 481 716 544 ipse
751 481 844 526 dux
876 481 1062 526 illustris
1095 479 1155 525 ad
1197 479 1445 526 officiarios
1487 478 1613 524 urbis

222 555 606 617 Rothomagensis
634 573 738 602 suas
774 557 973 615 litteras,
1001 566 1192 619 questus
1218 555 1276 601 de
1300 556 1484 617 injuria,
1511 555 1615 601 des-

220 632 400 677 tinavit.
426 634 551 687 Quas
575 649 680 677 cum
709 634 1040 696 suscepissent,
1066 633 1403 695 rescripserunt
1424 632 1484 678 ad
1507 648 1614 678 eum

223 717 271 752 ut
296 718 592 765 mercatores,
621 726 823 771 quorum
844 718 987 772 captae
1012 708 1190 753 fuerant
1215 725 1371 764 naves,
1400 709 1459 754 ad
1483 724 1616 754 suam

222 786 424 830 mitteret
454 787 707 844 civitatem,
732 797 775 832 et
795 787 923 849 quod
948 785 1124 832 eisdem
1148 786 1493 832 restitutionem
1518 802 1617 831 om-

220 862 462 908 nimodam
500 862 597 908 fieri
631 865 979 926 procurarent'.
1007 865 1125 907 Cum
1152 878 1262 907 vero
1284 862 1364 907 illo
1388 863 1475 926 ipsi
1500 880 1618 908 mer-

223 948 402 984 catores
425 940 680 996 venissent,
705 939 1028 985 admonitione
1049 938 1118 983 sui
1142 939 1366 1001 principis
1385 939 1488 984 freti
1518 939 1619 1001 (qui

222 1015 360 1060 etiam
383 1015 555 1061 litteras
581 1017 645 1061 eis
669 1016 858 1061 tradidit
877 1031 1035 1060 secum
1059 1013 1352 1071 deferendas,
1377 1032 1461 1078 per
1484 1032 1617 1078 quas,

222 1090 432 1137 officiarii
460 1092 634 1155 praesati
657 1091 912 1137 scribentes
932 1090 989 1135 ad
1016 1107 1123 1135 eum
1141 1126 1151 1146 ,
1182 1091 1522 1136 restitutionem
1549 1092 1620 1137 fa-

221 1168 438 1214 ciendam
474 1169 812 1231 promiserant,
852 1178 896 1213 et
928 1167 1058 1230 quod
1094 1168 1192 1231 ipse
1224 1178 1507 1214 mercatores
1537 1186 1622 1232 pro

223 1261 274 1290 ea
300 1245 635 1306 consequenda
662 1244 720 1289 ad
744 1261 823 1289 eos
851 1243 1126 1289 fiducialiter
1149 1244 1442 1307 destinaret),
1464 1247 1623 1291 omnia

223 1338 413 1384 prorsus
447 1321 579 1367 aliter
609 1330 748 1383 atque
784 1321 868 1366 rati
907 1320 1118 1379 fuerant,
1155 1321 1469 1367 offenderunt.
1505 1324 1625 1367 Cum

224 1399 347 1442 enim
392 1396 652 1442 faciendam
691 1396 812 1454 sibi,
844 1397 976 1459 juxta
1010 1397 1239 1461 pollicita,
1278 1399 1623 1445 restitutionem

226 1474 558 1536 persuasissent
584 1482 722 1535 atque
743 1483 999 1537 sperarent,
1023 1474 1139 1520 nihil
1161 1485 1315 1520 tamen
1337 1475 1465 1521 aliud
1482 1491 1624 1538 quam

224 1551 412 1613 injurias
434 1561 573 1613 atque
593 1551 902 1596 contumelias
924 1562 1224 1615 receperuntg
1245 1552 1347 1597 caesi
1367 1552 1492 1597 enim
1512 1562 1556 1598 et
1576 1553 1622 1597 in

224 1643 457 1672 carcerem
478 1627 608 1683 trusi,
630 1627 785 1672 multis
806 1627 1001 1673 lacessiti
1018 1627 1203 1690 probris
1221 1638 1359 1691 atque
1379 1639 1621 1675 contume-

225 1703 312 1760 liis,
348 1703 503 1749 ablato
540 1704 678 1748 etiam
708 1703 767 1749 ab
792 1705 844 1749 iis
867 1706 903 1749 si
926 1705 1040 1767 quid
1063 1705 1189 1768 apud
1213 1721 1295 1751 eos
1317 1707 1471 1768 potuit
1494 1707 1625 1752 inve-

226 1781 313 1825 niri
330 1817 340 1837 ,
386 1782 448 1825 sic
484 1780 711 1843 expediti,
752 1780 810 1825 ad
848 1782 1039 1845 propria
1078 1782 1255 1828 dimissi
1307 1783 1366 1828 ad
1408 1784 1625 1829 ultimum

233 1856 420 1902 suerunt
434 1860 462 1902 ⁵².

296 1937 560 1997 Agnoscens
597 1942 751 1979 autem
786 1934 883 1998 ipse
907 1935 1095 1981 illustris
1122 1935 1510 1997 Burgundionum
1534 1937 1627 1983 dux

281 2062 317 2096 1.
350 2062 573 2095 Prona-aret
597 2057 688 2095 dans
710 2058 744 2095 16
766 2071 835 2095 ms.

281 2120 317 2154 9..
344 2121 396 2154 La
408 2117 678 2166 contre-partie
690 2117 736 2153 de
750 2130 809 2154 ces
822 2118 1012 2155 violences
1027 2126 1081 2155 est
1099 2118 1191 2154 dans
1207 2119 1240 2155 16
1253 2119 1383 2156 cahier
1394 2119 1459 2157 des
1472 2120 1631 2170 plaintes

229 2176 266 2213 lu
295 2179 312 2213 ‘a
343 2176 580 2213 i’assemblee
607 2176 653 2212 (16
679 2179 797 2213 Tours
822 2192 828 2212 :
855 2196 870 2210 «
894 2180 982 2227 Ung
1006 2178 1159 2214 nomine
1182 2178 1345 2215 Raoulin
1368 2181 1627 2230 Courtevoye,

229 2234 453 2272 demourant
475 2237 494 2271 Ξι
515 2234 751 2281 Quilleboeuf
767 2248 831 2271 sur
853 2235 984 2280 Seine,
1013 2244 1048 2273 et
1073 2236 1200 2274 Pierre
1226 2239 1375 2283 Penon,
1405 2237 1631 2277 demourant

228 2295 248 2329 a
268 2296 421 2339 Rouen,
444 2302 509 2330 ont
528 2294 604 2330 este
627 2293 730 2343 prins
751 2307 814 2330 sur
835 2294 871 2331 la
891 2308 984 2341 mer,
1008 2308 1100 2331 avec
1126 2295 1225 2332 leurs
1245 2294 1352 2332 biens
1373 2304 1408 2333 et
1429 2299 1630 2337 marchan-

229 2352 348 2410 dises,
380 2366 448 2403 par
475 2353 528 2389 les
560 2365 650 2403 gens
681 2353 731 2389 du
759 2353 861 2389 sieur
890 2353 936 2390 de
965 2353 1092 2390 Palme
1121 2362 1155 2390 et
1179 2354 1213 2391 lc
1237 2355 1388 2391 maistre
1416 2358 1559 2405 portier
1585 2359 1632 2396 de

229 2411 404 2458 l'Ecluse,
427 2420 463 2448 et
482 2424 550 2461 par
572 2412 604 2448 16
624 2411 695 2447 duc
713 2411 759 2448 de
780 2415 1007 2464 Bourgogne
1024 2426 1072 2450 ou
1091 2426 1148 2450 ses
1168 2414 1351 2460 officiers;
1374 2423 1409 2451 et
1429 2415 1492 2466 luy
1513 2425 1633 2455 estant

229 2473 249 2507 21
271 2473 435 2522 Bruges,
466 2479 531 2507 ont
551 2471 627 2508 estc
652 2470 836 2508 declairez
862 2472 967 2508 ondit
996 2472 1071 2509 lieu
1097 2472 1142 2510 de
1169 2476 1312 2523 Bruges
1335 2473 1565 2523 prisonniers
1585 2476 1632 2514 de

228 2529 354 2566 bonne
374 2543 525 2580 guerre,
543 2530 642 2567 leurs
657 2530 815 2568 denrees
831 2541 867 2568 et
880 2531 1158 2570 marchandises
1173 2542 1270 2570 estre
1284 2533 1330 2570 de
1348 2533 1473 2571 bonne
1488 2537 1630 2586 prinse,

229 2598 265 2627 et
284 2591 372 2627 eulx
393 2603 625 2639 raenconnez
644 2592 664 2626 ἐι
682 2600 790 2642 grant
808 2604 951 2628 somme
967 2591 1013 2629 de
1034 2591 1185 2629 deniers
1206 2593 1311 2631 selon
1327 2592 1411 2629 leur
1425 2602 1535 2639 estat,
1560 2595 1632 2633 les-

229 2649 339 2697 quelz
361 2649 442 2685 leur
465 2663 486 2685 a
505 2662 680 2686 convenu
699 2650 805 2700 paier
823 2659 937 2688 avant
959 2652 1069 2701 pai-tii
1098 2652 1143 2689 de
1167 2652 1311 2703 prison.
1337 2670 1352 2684 »
1377 2653 1534 2704 Lenglet
1556 2658 1635 2692 Du-

230 2707 397 2757 sresnoy,
422 2710 638 2753 commines,
663 2718 687 2745 t.
711 2712 780 2758 III,
802 2723 839 2760 p.
861 2712 924 2746 80.

443 2793 477 2814 11
1372 2787 1419 2820 15,
