1923 3020
675 277 815 311 LIBER
853 276 1120 314 SECUNDUS.
1525 279 1599 314 209

202 362 401 407 sectione
425 361 483 407 ad
509 362 759 419 Leodium,
791 362 861 407 vel
889 362 948 408 de
974 379 1088 426 pace
1113 380 1196 426 per
1221 379 1330 408 eum
1354 380 1463 409 cum
1487 380 1604 426 prae-

201 437 294 483 fato
318 437 437 483 duce
461 441 721 501 composita
744 456 1011 484 sermonem
1037 440 1241 502 aliquem
1276 440 1425 486 facere
1460 442 1603 488 aude-

201 523 286 570 ret,
303 525 345 559 et
361 514 452 559 boc
465 515 553 560 sub
568 532 762 562 censura
781 518 907 577 gravi
920 519 944 560 ¹.
960 516 1050 561 Sed
1066 533 1312 562 censuram
1330 517 1602 579 hujusmodi

201 590 370 635 silentii
396 592 757 651 quomodolibet
785 591 1040 648 addixerit,
1066 593 1247 654 linguas
1268 603 1425 640 tamen
1449 595 1601 640 homi-

202 683 314 712 num
348 684 444 711 non
479 669 542 713 ita
568 668 804 714 devincire
836 670 1010 731 potuit,
1043 670 1155 730 quin
1182 670 1241 715 ab
1266 672 1331 715 eis
1357 672 1602 718 maledicta

202 744 301 788 sine
329 760 526 788 numero
559 755 841 807 reportaret,
878 747 1119 809 potissime
1149 758 1342 809 propter
1369 749 1602 796 excidium

201 819 330 865 urbis
367 821 632 866 Leo(liensis
668 833 712 867 et
746 823 933 868 illorum
967 822 1265 880 Eburonum,
1305 825 1385 886 qui
1419 827 1604 888 regibus

202 900 492 942 Francorum
512 898 708 943 devotos
732 916 916 963 semper
936 916 983 944 se
1004 908 1046 944 et
1065 898 1373 961 obsequiosos
1393 904 1604 965 profiteri

202 973 431 1019 solebant.
461 974 594 1019 [nde
618 986 795 1036 quanto
819 976 938 1038 plus,
964 992 1022 1021 ne
1044 975 1102 1020 de
1122 976 1215 1021 hoc
1234 994 1475 1025 sermones
1497 997 1606 1027 con-

201 1062 436 1104 sererent,
479 1062 613 1097 erant
650 1052 901 1115 prohibiti,
940 1062 1069 1098 tanto
1104 1053 1428 1101 vehementius
1463 1067 1604 1120 atque

203 1128 491 1190 frequentius
514 1128 624 1173 inde
653 1128 698 1172 in
727 1128 886 1174 abdito
910 1127 1248 1190 loquebantur,
1280 1141 1324 1175 et
1348 1131 1407 1177 de
1434 1145 1603 1195 pacto-

202 1221 307 1249 rum
329 1222 437 1250 cum
459 1205 849 1264 Burgundionum
871 1204 989 1250 duce
1010 1205 1300 1267 turpitudine
1322 1217 1365 1252 et
1384 1209 1600 1263 infamia,

202 1293 247 1327 et
272 1282 330 1326 de
354 1282 441 1326 illis
470 1282 687 1344 praeclare
711 1282 837 1345 apud
864 1282 1089 1327 Leodiuin
1117 1298 1144 1328 a
1175 1299 1223 1328 se
1253 1285 1410 1344 gestis,
1448 1287 1526 1332 ubi
1559 1300 1602 1334 et

200 1359 386 1420 signum
421 1359 570 1404 crucis
602 1360 759 1403 Sancti
791 1359 981 1404 Andreae
1006 1360 1052 1404 in
1079 1360 1174 1404 suis
1200 1361 1485 1409 vestimentis
1513 1383 1602 1428 pu-

200 1435 320 1479 blice
339 1444 622 1498 portaverat,
644 1446 689 1479 et
709 1444 933 1496 tanquam
954 1435 1281 1498 stipendiarius
1304 1437 1450 1500 ipsius
1471 1440 1603 1488 ducis

202 1512 591 1572 Burgundionum
610 1513 746 1557 soret:
766 1515 789 1555 Ι
800 1514 874 1556 'ive
885 1514 1231 1575 Bourgoitzgne!
1244 1514 1597 1565 acclamaverat.

265 1591 372 1634 Sese
408 1599 588 1645 tamen,
616 1598 722 1652 post
752 1588 1077 1650 hujuscemodi
1110 1590 1175 1634 sic
1205 1591 1476 1639 solemniter
1507 1611 1533 1640 a
1556 1614 1604 1642 se

200 1666 337 1722 facta,
366 1666 599 1711 continuit
618 1667 663 1710 in
689 1682 803 1728 pace
824 1682 907 1728 per
929 1665 1107 1728 aliquot
1131 1683 1330 1712 ilienses.
1359 1671 1410 1713 In
1435 1670 1605 1731 quibus

200 1744 297 1806 ipse
346 1743 733 1805 burgundionum
783 1742 876 1787 dux
921 1742 980 1787 de
1025 1745 1327 1806 compactatis
1368 1747 1602 1795 solemnes

199 1829 340 1882 atque
368 1820 658 1865 authenticas
688 1820 883 1874 litteras,
913 1829 957 1864 et
982 1836 1142 1865 earum
1166 1821 1534 1884 publicationem
1559 1837 1604 1872 et

199 1896 593 1960 approbationem
631 1897 677 1940 in
713 1898 842 1942 curia
881 1897 1157 1960 parlamenti
1199 1900 1486 1960 Parisiensis,
1526 1921 1606 1950 ca—

200 1989 327 2019 mera
351 1983 686 2036 computorum
704 1983 748 2018 et
767 1972 877 2018 alibi
902 1973 1187 2035 ubicumque
1213 1987 1538 2038 opportunum
1559 1991 1604 2026 et

199 2050 452 2113 expediens
476 2051 631 2095 risum
657 2050 696 2094 ei
726 2049 832 2109 fuit,
863 2050 1033 2095 confici
1059 2059 1198 2112 atque
1223 2053 1432 2115 expediri
1457 2055 1599 2103 fecit2.

253 2179 289 2213 1.
327 2193 341 2208 «
365 2178 416 2213 Le
434 2174 588 2224 samed)v
606 2176 652 2210 11.)
668 2174 891 2217 novembre,
911 2175 966 2211 sut
986 2175 1062 2211 crie
1080 2183 1114 2212 et
1129 2176 1258 2226 public'
1277 2179 1297 2213 ἐι
1312 2190 1379 2214 son
1397 2178 1442 2215 de
1457 2189 1605 2233 trompe

199 2245 235 2272 et
252 2249 317 2285 cry
336 2235 480 2285 public,
503 2233 640 2284 parles
658 2234 870 2270 carrofours
892 2234 938 2270 (le
952 2234 1070 2278 Paris,
1093 2234 1183 2271 ledit
1199 2236 1332 2272 accord
1350 2245 1387 2273 et
1404 2240 1520 2276 union
1540 2242 1605 2279 fait

198 2304 303 2331 entre
319 2296 352 2330 le
369 2307 437 2342 roy
455 2301 490 2329 et
511 2292 655 2328 mondit
675 2293 852 2341 seigneur
870 2292 915 2328 (le
932 2295 1178 2344 Bourgogne,
1201 2303 1238 2330 et
1256 2307 1345 2343 que,
1365 2309 1464 2345 pour
1480 2301 1604 2339 raison

200 2353 250 2389 du
271 2362 389 2402 temps
412 2352 518 2401 passe
532 2381 541 2397 ‚
566 2364 755 2400 personne
776 2350 905 2386 vivant
924 2364 971 2387 ne
994 2352 1089 2388 scust
1109 2353 1138 2388 si
1160 2353 1223 2389 ose
1243 2367 1292 2390 ou
1314 2354 1436 2405 hardy
1456 2357 1502 2394 de
1524 2360 1605 2398 rien

198 2412 278 2448 dire
302 2414 321 2447 ἐι
341 2410 558 2460 l’opprobrc
585 2409 692 2445 dudit
718 2410 908 2460 seigneur,
934 2412 1029 2447 l'eust
1049 2410 1095 2447 de
1118 2410 1286 2459 bouclie,
1309 2427 1359 2450 ou
1383 2428 1452 2465 par
1472 2420 1600 2468 escrit,

198 2471 338 2522 signes.
358 2470 565 2520 painturffi,
586 2468 810 2515 romleaulx,
828 2468 1009 2516 ballades,
1030 2470 1174 2508 libellos
1189 2471 1475 2521 (lissamatoires,
1493 2479 1603 2516 chan-

198 2544 284 2567 sons
314 2529 360 2565 de
389 2537 490 2578 geste
520 2540 566 2564 ne
593 2535 823 2572 autrcment,
851 2541 897 2564 en
928 2529 1092 2578 quelque
1120 2530 1289 2567 nianicre
1320 2545 1394 2581 que
1422 2548 1465 2572 ce
1496 2548 1605 2586 petr-t

198 2598 317 2634 estre3
337 2598 372 2626 et
392 2601 466 2638 que
485 2587 594 2624 ceulx
618 2587 682 2636 qui
700 2588 863 2624 seroient
880 2597 1036 2626 trouvez
1056 2590 1164 2626 avoir
1187 2591 1273 2627 faict
1291 2605 1339 2628 ou
1355 2595 1432 2630 estc
1450 2608 1496 2631 au
1515 2610 1605 2634 con-

199 2650 311 2686 traire
329 2649 495 2686 feussent
515 2647 750 2698 grievenieut
770 2649 929 2699 pugniz,
953 2649 1047 2685 ainsi
1065 2663 1138 2699 que
1154 2650 1237 2699 plus
1253 2653 1271 2686 31
1291 2651 1393 2701 plain
1411 2653 1522 2691 ledict
1538 2671 1603 2696 (νγ

197 2709 402 2747 contenoit.
424 2726 439 2739 n
463 2707 603 2745 Cbron.
628 2707 776 2754 mand„
799 2711 852 2744 ad
867 2722 955 2744 ann.
978 2711 1090 2747 1468.
1582 2701 1591 2708 ’

250 2772 290 2806 2.
322 2772 392 2806 Les
411 2776 511 2804 actes
530 2767 677 2804 dresse's
696 2769 716 2803 ἐι
736 2769 908 2805 Peronne
930 2768 1054 2805 fui-ent
1074 2768 1301 2819 enregistres
1322 2781 1370 2805 au
1392 2771 1607 2812 Parlement

412 2852 446 2874 11
1345 2842 1393 2876 14
