1923 3020
269 201 343 237 36ss
633 195 971 234 HISTORIARUM
998 195 1233 232 L'UDOVICI
1261 197 1316 231 XI

268 293 323 334 Et
364 286 565 351 proinde
603 284 829 330 adversus
871 299 980 328 eum
1020 282 1327 328 vehementer
1373 283 1669 346 indignatus,

266 377 366 412 tum
389 375 433 409 et
453 371 646 425 propter
664 362 812 406 multa
825 361 932 414 alia,
955 376 1058 422 quae
1076 359 1253 423 perfide
1274 377 1432 407 secum
1447 372 1491 408 et
1511 372 1675 410 contra

267 461 314 490 se
345 457 482 502 agere
519 439 593 485 vel
625 438 790 484 dolose
820 448 961 500 atque
997 438 1221 484 insidiose
1254 441 1502 486 consulere
1529 451 1676 488 atten-

266 528 410 577 tarat,
450 516 753 580 cupidissime
789 515 1087 561 desiderabat
1130 532 1241 561 eum
1275 516 1334 562 ad
1367 534 1473 563 suas
1508 535 1675 566 manus

265 594 525 659 perducere
551 602 596 637 et
621 592 883 651 attrahere,
916 601 964 636 ut
989 592 1048 637 de
1071 591 1171 654 ejus
1195 593 1425 656 supplicio
1456 605 1500 640 et
1525 596 1676 659 poenis

265 683 310 719 et
332 688 416 718 sua
432 679 716 717 exsaturaret
741 669 851 714 odia
872 706 882 727 ,
902 679 947 714 et
966 668 1188 714 omnibus
1211 669 1311 714 aliis
1335 669 1393 716 de
1417 688 1563 734 regno
1588 689 1674 718 suo

265 749 534 812 exemplum
577 746 829 811 praeheret,
871 756 1146 808 metumque
1182 749 1500 810 praesumendi
1539 748 1675 811 quid-

266 843 410 890 quam
433 825 687 872 adversum
707 840 756 869 se
781 824 1044 869 machinari
1068 824 1356 869 immitteret.

333 906 400 949 Ex
428 903 500 948 his
524 903 665 965 igitur
700 902 850 947 causis
881 901 1139 964 proclivior
1168 901 1382 947 redditus
1409 911 1477 947 est
1500 919 1579 948 rex
1614 902 1673 949 ad

266 990 453 1043 treugas
488 979 810 1025 conciliandas
836 995 947 1023 cum
978 978 1125 1037 duce,
1167 989 1213 1023 et
1236 980 1491 1024 nonnullas
1523 989 1675 1041 gratas

265 1058 421 1104 eidem
455 1057 565 1103 duci
599 1066 740 1119 atque
776 1055 911 1100 utiles
944 1054 1244 1100 conditiones
1277 1054 1525 1115 laxandas,
1559 1073 1675 1118 quas

266 1135 424 1181 forsan
460 1134 571 1180 alias
600 1134 793 1179 minime
834 1131 994 1176 suisset
1031 1131 1328 1176 obtenturus.
1375 1132 1503 1177 Iniiae
1537 1132 1675 1193 igitur

267 1222 314 1258 et
349 1220 605 1275 compacta),
642 1210 772 1254 fuere
803 1217 979 1269 treugae
1018 1207 1138 1252 inter
1182 1223 1341 1269 regem
1386 1217 1432 1252 et
1471 1208 1672 1267 ducem,

267 1288 391 1334 circa
414 1303 625 1333 mensem
647 1284 872 1341 octobris,
897 1299 1025 1329 anno
1050 1284 1312 1329 Dominicae
1335 1285 1675 1331 incarnationis

266 1365 637 1419 M.cccc.Lxxv.¹‚
665 1361 724 1406 ad
748 1377 922 1407 novem
961 1377 1112 1407 annos
1148 1360 1414 1419 duraturae,
1451 1362 1676 1425 permissa

267 1442 664 1489 commerciorum
688 1449 734 1484 et
765 1439 1099 1501 trajectionum
1131 1438 1254 1484 ultro
1289 1439 1504 1500 citroque
1528 1439 1676 1484 libera

269 1522 514 1577 facultate,
543 1535 648 1581 quae
678 1535 763 1581 per
787 1534 938 1563 annos
964 1517 1177 1579 quinque
1200 1517 1455 1562 continuos
1478 1516 1676 1562 inhibita

269 1607 503 1645 manserat
549 1613 657 1642 cum
704 1612 875 1657 magna
912 1595 1241 1640 dominiorum
1281 1605 1327 1640 et
1374 1594 1675 1640 subditorum

268 1676 511 1736 utriusque
530 1672 756 1737 principis
771 1672 954 1734 jactura
979 1680 1023 1716 et
1042 1670 1448 1716 incommoditate.

334 1756 382 1797 In
414 1767 510 1813 quo
539 1760 810 1811 treugarum
846 1747 1185 1793 novennalium
1217 1747 1438 1805 articulo,
1476 1763 1536 1793 ne
1572 1764 1678 1811 pro-

267 1836 441 1881 lixitate
462 1834 605 1879 nimia
631 1832 795 1877 lectori
822 1831 1061 1877 fastidium
1084 1831 1362 1889 inducatur,
1389 1830 1517 1876 hunc
1534 1846 1675 1893 quar-

268 1924 368 1959 tum
408 1911 683 1958 claudemus
712 1909 917 1968 librum,
957 1926 1060 1972 quae
1098 1918 1350 1973 supersunt
1393 1925 1448 1955 ex
1484 1907 1676 1954 alterius

269 1989 466 2035 exordio
494 1997 848 2053 prosequentes.

323 2151 360 2187 1.
395 2153 462 2187 Les
487 2158 587 2187 actes
612 2150 658 2186 de
688 2157 783 2187 cette
821 2150 949 2193 treve,
977 2161 1027 2185 au
1056 2146 1217 2185 nombre
1243 2147 1290 2186 de
1316 2148 1425 2197 cinq,
1456 2156 1541 2186 sont
1572 2147 1677 2185 dates

269 2208 321 2245 du
343 2210 391 2244 13
408 2208 622 2259 septembre
642 2211 760 2247 1475.

719 2424 890 2447 EXPLICIT
918 2424 1028 2448 mmm
1055 2424 1233 2455 QUARTUS.
