1923 3020
745 276 887 311 LIBER
915 273 1110 309 PRIMUS.
1583 269 1596 303 1
1609 270 1622 303 1

233 380 317 410 suo
343 362 578 408 insideret.
604 361 725 407 Nihil
751 377 922 424 nempe
944 369 1125 406 tantum
1153 359 1199 404 in
1223 357 1455 403 desiderio
1480 372 1530 401 se
1553 357 1630 401 ha-

234 439 343 485 bere
368 438 624 496 asserebat,
652 448 883 501 quantum
905 447 955 482 ut
990 436 1192 499 populos
1228 435 1356 496 regni
1382 434 1631 497 ipsumque

236 532 431 578 regnum
458 515 517 560 al)
554 515 755 577 angariis
790 525 833 559 et
869 512 1154 558 immanibus
1183 511 1466 557 tributorum
1493 519 1631 572 atque

236 594 533 640 exactionum
552 592 792 650 oneribus,
816 590 986 653 quibus
1006 591 1130 653 ipsos
1148 605 1245 634 esse
1264 586 1513 652 [gravatos]
1531 603 1633 649 cog-

238 668 479 724 noscebat,
502 668 671 726 levare,
694 669 801 713 etin
823 668 1064 731 pristinam
1084 675 1224 728 atque
1242 666 1482 728 antiquam
1500 663 1634 708 liber-

239 755 381 792 tatem
406 746 666 803 instaurare
694 755 739 790 et
768 745 1003 790 restituere
1025 751 1199 805 posset.
1226 744 1283 787 Se
1307 739 1632 804 quinquennio

239 839 387 887 prope
400 822 446 867 in
460 822 592 867 terris
603 823 823 868 mansisse
841 819 1227 882 Burgundionum
1240 819 1387 876 ducis,
1404 818 1448 862 in
1465 815 1636 879 quibus

242 908 335 945 tam
359 898 616 962 magnifica:
641 899 846 944 civitates
872 906 917 943 et
941 895 1117 960 oppida
1141 904 1237 940 tam
1264 894 1513 957 opulenta,
1540 902 1635 938 tam

240 975 447 1021 honestae
471 974 640 1020 domus
665 984 712 1020 et
735 975 866 1020 omni
891 988 1058 1035 genere
1083 970 1414 1033 suppellectilis
1438 979 1533 1014 tam
1554 967 1636 1013 de-

240 1063 399 1098 center
424 1054 657 1097 instructae
685 1062 730 1097 et
753 1059 954 1107 ornatae,
986 1047 1244 1112 populique
1272 1055 1401 1091 tanta
1428 1044 1639 1090 libertate

242 1130 514 1193 gaudentes,
542 1139 637 1175 tam
660 1128 867 1173 honestis
889 1126 1094 1173 vestibus
1118 1123 1275 1170 amicti
1292 1132 1334 1168 et
1354 1122 1466 1167 culti
1487 1122 1639 1185 politi·

242 1224 336 1271 que
373 1207 552 1263 forent,
603 1217 651 1251 ut
688 1205 913 1251 felicitatis
951 1213 1089 1266 atque
1131 1201 1356 1247 libertatis
1397 1198 1640 1262 quoddam

243 1284 479 1347 specimen
504 1292 672 1328 cuncta
696 1298 798 1345 quae
830 1281 922 1326 illic
947 1279 1243 1335 viderentur,
1272 1276 1637 1341 praetenderent3

244 1377 329 1406 nec
367 1361 511 1405 ruinae
545 1360 721 1422 quippe
759 1359 849 1404 illic
884 1366 964 1402 aut
998 1356 1221 1402 maceries
1253 1355 1498 1400 destructae
1539 1352 1641 1399 ullae

243 1448 570 1495 cernerentur;
593 1453 617 1481 e
638 1436 823 1481 diverso
850 1451 978 1493 vero,
1002 1450 1111 1479 cum
1131 1433 1338 1496 primum
1353 1447 1550 1494 regnum
1570 1431 1640 1476 in-

245 1531 427 1577 gressus
450 1523 582 1570 esset,
611 1512 786 1575 ubique
816 1512 970 1557 ruinas
991 1520 1036 1556 et
1062 1509 1238 1555 dirutas
1264 1508 1488 1554 macerias
1511 1507 1641 1552 inve-

248 1591 395 1648 nisse3
444 1589 708 1653 squalentes
747 1605 855 1634 vero
896 1603 1031 1648 agros
1068 1595 1207 1648 atque
1241 1584 1444 1630 incultos
1462 1618 1473 1637 ‚
1517 1584 1644 1629 velut

246 1668 484 1713 desertum
507 1666 770 1729 quoddam,
795 1665 963 1710 intueri
986 1663 1158 1726 ubique
1184 1679 1353 1726 posse3
1381 1660 1460 1706 sed
1489 1670 1533 1705 et
1558 1659 1644 1705 ho-

250 1745 422 1801 mines,
447 1754 541 1790 tam
567 1744 690 1788 viros
713 1760 856 1805 quam
886 1742 1119 1795 mulieres,
1147 1750 1243 1786 tam
1260 1739 1474 1784 vultuum
1498 1738 1645 1784 macie

250 1837 392 1883 quam
413 1819 688 1865 detritorum
716 1829 758 1864 et
782 1818 1090 1864 laceratorum
1124 1816 1512 1862 indumentorum
1549 1814 1648 1859 vili-

252 1907 344 1943 tate
385 1906 523 1959 atque
564 1897 703 1941 etiam
746 1911 894 1958 prope
935 1894 1168 1950 nuditate,
1204 1901 1381 1937 tantam
1414 1899 1647 1935 ostentare

248 1982 574 2038 paupertatem
599 1982 738 2035 atque
758 1972 984 2035 inopiam,
1014 1981 1063 2016 ut
1084 1970 1238 2033 potius
1263 1967 1400 2013 bonis
1425 1966 1589 2012 nudati
1604 1975 1648 2011 et

250 2050 435 2114 spoliati
459 2066 511 2095 ac
534 2049 658 2095 velut
682 2067 737 2094 ex
762 2065 902 2112 specu
926 2065 1006 2093 seu
1030 2057 1150 2093 tetro
1175 2045 1333 2108 aliquo
1369 2060 1553 2090 carcere
1576 2060 1647 2089 re-

253 2137 412 2173 center
441 2127 647 2183 extracti,
675 2141 817 2188 quam
849 2124 981 2170 liberi
1002 2123 1145 2185 aliqui
1169 2122 1333 2185 populi
1356 2120 1649 2166 existimandi

251 2221 348 2249 esse
361 2203 647 2249 viderentur.
668 2201 916 2264 Propterea
934 2217 981 2246 se
996 2216 1167 2261 magno
1182 2199 1458 2243 intrinsecus
1474 2207 1649 2243 tactum

252 2280 433 2335 dolore,
463 2296 605 2342 seque
629 2296 683 2324 ex
701 2279 858 2324 animo
873 2277 1049 2323 eisdem
1063 2276 1242 2338 totique
1255 2291 1400 2336 regno
1421 2275 1650 2320 viscerose

253 2358 458 2420 compati
481 2356 658 2413 aiebat,
686 2355 814 2418 quod
842 2371 922 2399 eos
955 2354 1094 2399 tantis
1125 2352 1301 2398 obsitos
1332 2351 1464 2396 malis
1489 2352 1648 2397 tantis·

254 2450 345 2496 que
383 2435 580 2479 miseriis
622 2442 661 2478 et
712 2431 1051 2477 calamitatibus
1092 2446 1342 2494 oppressos
1387 2429 1615 2473 inveniret
1636 2446 1647 2485 ;

257 2509 480 2572 pollicens
504 2525 714 2573 operam,
742 2509 959 2553 annisum
982 2517 1120 2569 atque
1143 2515 1368 2552 conatum
1391 2521 1582 2549 omnem
1602 2520 1651 2549 se

255 2587 593 2649 praestiturum,
618 2595 873 2647 quatenus,
901 2583 1152 2629 auxiliante
1178 2585 1277 2628 Deo
1301 2592 1346 2627 et
1371 2582 1620 2627 miserante
1638 2616 1649 2637 ‚

255 2673 406 2708 totum
450 2679 646 2724 regnum
688 2662 1023 2723 universosque
1053 2660 1261 2722 ejusdem
1295 2658 1478 2704 accolas
1514 2657 1653 2701 tantis

258 2740 484 2785 relevatos
508 2739 655 2798 malis,
684 2749 728 2784 et
754 2738 812 2784 ab
834 2738 1055 2784 omnibus
1081 2736 1365 2782 tributorum
1391 2744 1435 2780 et
1459 2735 1654 2797 vectiga-
