1923 3020
672 256 812 290 LIBER
840 255 1066 300 QUINTUS.
1498 255 1571 287 392)

173 341 486 387 munitionem
509 340 771 399 locaverat,
800 341 1056 399 faciebant,
1084 342 1132 385 in
1160 350 1332 386 terram
1363 349 1408 385 et
1437 355 1580 402 agros

174 417 652 478 Luxemburgensium
687 418 904 464 incendia
940 418 1206 480 frequenter
1238 419 1501 477 mittentes,
1530 427 1574 463 et

172 493 421 539 hominum
455 501 594 553 atque
629 493 905 538 animalium
938 504 1308 555 caeterorumque
1334 495 1574 540 bonorum

172 571 351 634 praedas
376 578 564 630 agentes
599 568 842 631 quotidie3
871 569 1043 631 quibus
1079 571 1388 616 subveniebat
1420 571 1576 616 nullus

173 649 252 692 eo¹
286 645 413 708 quod
445 646 494 690 in
535 654 630 691 tota
656 645 807 708 patria
849 644 978 690 nulla
1015 646 1215 691 militum
1251 647 1464 710 praesidia
1502 647 1575 693 vel

173 722 360 768 dimissa
378 758 389 780 ,
412 722 486 767 vel
509 722 738 767 collocata
763 738 788 766 a
813 721 933 767 duee
953 722 1248 768 exstitissent.

236 797 327 843 Sed
362 813 635 860 quanquam
669 797 767 842 haec
803 797 964 844 onmia
996 798 1104 843 satis
1141 816 1310 860 angere
1351 800 1577 846 deberent

173 872 562 935 Burgundionum
583 873 752 918 ducem
776 909 786 930 ,
813 873 886 918 cui
910 910 920 930 ,
951 890 1060 918 cum
1087 874 1411 936 superioribus
1434 875 1576 921 eladi·

172 948 284 1004 bus,
314 951 455 995 etiam
486 951 573 996 ista
599 966 697 995 non
723 965 890 1013 parvas
912 949 1117 1011 jacturas
1151 961 1196 996 et
1225 951 1398 998 damna
1433 953 1576 998 affer-

172 1035 299 1086 rent,
326 1036 484 1072 tamen
521 1027 676 1073 statim
708 1043 733 1072 e
761 1027 956 1088 vestigio
994 1028 1082 1073 alia
1114 1027 1319 1074 deterior
1342 1029 1576 1092 praedictis

172 1102 353 1164 adjecta
376 1113 460 1150 est.

234 1183 339 1226 Dux
361 1181 490 1226 enim
512 1218 523 1240 ,
557 1196 699 1242 quem
735 1180 965 1241 diximus,
998 1180 1343 1243 Lotbaringiae,
1384 1198 1491 1226 cum
1521 1199 1574 1227 ex

172 1258 309 1303 ruina
341 1268 387 1304 et
422 1257 561 1303 rebus
594 1257 831 1315 adversis,
867 1274 984 1321 quas
1008 1259 1250 1304 invenerat
1284 1258 1577 1320 Burgundio—

172 1350 288 1379 num
329 1334 424 1380 dux
469 1344 633 1380 contra
666 1335 933 1393 Suitenses,
969 1337 1077 1381 satis
1108 1336 1323 1398 pervium
1363 1336 1449 1381 iter
1490 1336 1576 1381 sibi

173 1411 346 1457 factum
376 1411 557 1458 videret
582 1411 643 1457 ad
678 1412 1058 1475 recuperandum
1084 1421 1228 1458 terras
1261 1430 1367 1459 suas
1402 1414 1576 1459 Lotha-

170 1489 358 1550 ringiae,
392 1488 598 1534 collectis
632 1489 804 1552 copiis,
851 1504 966 1550 quas
1007 1499 1107 1534 tum
1149 1506 1202 1534 ex
1239 1490 1572 1551 Lofflaringia,

172 1573 271 1609 tum
317 1581 344 1610 a
384 1564 576 1628 praesato
618 1565 790 1610 comite
829 1564 888 1610 de
930 1564 1119 1622 Bisa-lle,
1147 1574 1247 1610 tum
1286 1582 1310 1610 a
1357 1566 1578 1611 Suitensi-

170 1639 259 1686 bus
306 1650 351 1686 et
395 1642 459 1687 eis
504 1640 738 1687 foederatis
781 1652 1078 1703 aggregarat,
1136 1642 1182 1686 in
1225 1642 1578 1705 Lotharingiam

172 1717 325 1763 rediit.
380 1721 616 1780 Ingressus
659 1735 803 1776 vero,
841 1735 950 1764 eum
993 1735 1095 1764 eam
1141 1719 1488 1765 munitionibus
1533 1731 1579 1767 et

171 1795 396 1858 praesidiis
441 1795 836 1857 Burgundionum
885 1796 1118 1841 inveniret
1162 1813 1384 1855 vacuam,
1414 1798 1577 1860 paucis

172 1871 338 1917 diebus
374 1881 519 1917 totam
553 1871 698 1917 ferme
723 1872 770 1916 in
804 1871 1096 1918 deditionem
1135 1873 1346 1936 accepit,
1381 1873 1578 1919 volenti-

172 1947 260 1994 bus
289 1948 451 2011 utique
483 1958 527 1993 et
561 1951 712 1993 Deum
739 1949 942 2012 proinde
974 1949 1275 2017 laudantibus
1309 1966 1362 1995 ac
1385 1949 1578 1997 benedi-

174 2026 386 2072 centibus
408 2026 567 2090 patriae
588 2026 761 2072 accolis
777 2065 788 2087 ,
818 2027 948 2089 quod
973 2044 1020 2072 se
1043 2028 1246 2073 naturali
1270 2044 1355 2072 suo
1376 2028 1577 2092 principi

175 2103 379 2148 dedendi
402 2113 542 2166 atque
566 2103 844 2149 restituendi
881 2103 1147 2149 facultatem
1175 2113 1219 2148 et
1247 2105 1576 2167 opportunita-

176 2192 269 2227 tem
292 2181 466 2227 eisdem
502 2182 745 2227 attulisset.
776 2181 939 2228 Solum
970 2183 1091 2227 inter
1114 2191 1277 2227 caetera
1301 2184 1573 2244 Naneeyum

176 2258 373 2316 mansit,
399 2258 447 2302 in
472 2275 568 2319 quo
596 2258 854 2319 nonnulla,
884 2258 965 2304 sed
999 2257 1167 2322 pusilla
1195 2259 1330 2318 satis,
1365 2262 1574 2321 Burgun-

175 2334 373 2380 dionum
396 2345 528 2381 erant
550 2336 777 2398 praesidia.

230 2494 266 2528 1.
303 2495 348 2527 Et
372 2492 463 2528 dans
483 2493 517 2530 le
538 2467 607 2532 nis.
