1923 3020
273 202 345 236 342
631 199 966 234 HISTORIARUM
995 198 1227 233 LUDOVICI
1255 199 1309 233 XI

271 304 469 350 suasque
490 297 633 331 terras
657 285 886 346 impetum
909 282 1202 340 facientibus,
1223 285 1322 347 ipse
1344 300 1429 330 nec
1452 283 1668 342 evadere,

272 380 358 408 nec
381 361 601 421 effugium
628 360 787 422 aliquo
811 360 858 404 in
883 360 990 405 loco
1009 359 1184 405 habere
1205 371 1379 424 posset.

336 436 523 481 Interim
562 444 745 489 autem,
797 434 1156 480 decurrentibus
1198 435 1353 480 adhuc
1397 435 1673 496 hujusmodi

271 513 468 573 treugis,
507 528 585 556 rex
610 515 899 557 Francorum
933 511 1166 557 laboravit
1189 511 1275 557 sibi
1304 512 1517 573 subigere
1542 512 1676 574 oppi-

269 591 383 635 dum
409 589 692 652 Perpiniani,
716 589 1087 651 nonnullosttlue,
1120 590 1198 652 qui
1225 589 1283 634 ab
1308 606 1364 634 eo
1388 589 1671 644 defecerant,

268 668 313 711 in
340 665 639 711 comitatibus
664 664 938 710 Rossilionis
968 675 1013 710 et
1036 666 1301 725 Ceritaniae,
1329 667 1376 711 in
1413 665 1670 711 Catalonia.

269 745 399 798 Quos
420 742 634 804 quidem,
662 742 803 787 missa
820 742 931 787 illuc
956 758 1127 803 magna
1148 752 1277 806 parte
1300 759 1489 788 suarum
1515 743 1675 805 copia-

268 836 400 876 rum,
445 819 621 882 absque
658 835 831 881 magno
866 820 1056 881 negotio
1089 819 1148 865 ad
1181 819 1471 865 deditionem
1497 820 1672 881 coegit,

272 897 502 959 impositis
525 897 607 955 eis,
635 912 751 958 quas
774 896 939 953 voluit,
960 896 1155 959 legibus.
1181 899 1241 941 Ex
1261 896 1500 942 nobilibus
1521 905 1676 942 autem

270 983 401 1018 terrae
420 983 465 1018 et
488 972 578 1032 his,
606 974 685 1036 qui
705 972 974 1018 rebellionis
997 983 1215 1018 auctores
1232 973 1369 1017 fuisse
1388 972 1674 1028 serebantur,

270 1052 394 1114 capti
426 1049 551 1095 bello
581 1050 738 1113 plures
774 1051 926 1114 puniti
955 1050 1170 1105 fuerunt,
1214 1049 1273 1094 ad
1306 1050 1421 1094 alios
1456 1049 1679 1095 edoman-

274 1128 402 1172 dos¹.

337 1204 557 1250 Similiter
596 1205 760 1261 etiam,
799 1218 907 1247 cum
946 1201 1229 1265 oppidulum
1265 1200 1507 1264 quoddam
1544 1218 1681 1266 supra

273 1283 423 1345 ripam
450 1282 621 1339 Rheni,
650 1282 772 1327 inter
799 1280 1048 1325 Coloniam
1072 1290 1117 1325 et
1140 1279 1530 1337 Confluentiam2,
1564 1297 1683 1326 nun—

274 1368 499 1420 cupatum
540 1360 687 1414 1111133,
726 1358 966 1420 pertinens
989 1356 1347 1420 archiepiscopo
1383 1356 1679 1415 Coloniensi,

276 1434 469 1480 haberet
511 1434 721 1497 praesidia
755 1434 940 1479 circiter
972 1432 1432 1496 quadringentorum
1476 1437 1685 1497 Burgun-

275 1513 502 1571 dionum,
551 1529 653 1574 quae
677 1520 997 1556 commeatum
1023 1527 1225 1556 annonae
1250 1510 1579 1556 descendentis
1598 1528 1684 1574 per

280 1589 492 1634 Rhenum
529 1589 778 1634 Coloniam
795 1627 805 1645 ,
857 1605 1144 1651 cursumque
1188 1588 1381 1633 navium
1425 1587 1684 1651 plurimum

276 1668 557 1730 impedirent
583 1677 724 1730 atque
748 1668 1037 1724 infestarent,
1058 1666 1118 1712 ad
1141 1666 1218 1712 illa
1241 1664 1580 1729 impedimenta
1593 1665 1684 1711 tol-

275 1742 414 1789 lenda
450 1743 558 1788 fecit
592 1744 848 1807 imperator
876 1760 960 1806 per
999 1742 1328 1788 marchionem
1356 1742 1415 1787 de
1448 1741 1685 1787 Branden-

275 1820 418 1883 &113⁶
447 1830 492 1866 et
523 1820 640 1867 alios
677 1822 915 1884 principes
948 1821 1103 1884 ipsum
1140 1819 1362 1865 obsideri.
1404 1819 1546 1880 Cujus
1576 1835 1685 1864 cum

277 1898 448 1943 moenia
483 1907 528 1943 et
558 1898 918 1962 propugnacula
951 1898 1263 1961 petrariarum
1302 1895 1469 1942 ictibus
1507 1895 1686 1958 dejecta

278 1976 484 2035 fuissent,
515 1975 694 2022 obsessi
719 1976 1012 2021 deditionem
1039 1975 1265 2021 fecerunt.
1290 1975 1380 2037 Ipsi
1405 1990 1536 2031 vero,
1560 1973 1686 2019 obsi-

279 2052 420 2096 dione
438 2052 656 2111 durante,
681 2070 791 2099 cum
811 2063 966 2099 certus
991 2069 1216 2097 numerus
1236 2050 1498 2097 incolarum
1522 2049 1686 2113 oppidi

333 2198 370 2234 1.
403 2196 493 2231 Yoir
524 2197 575 2233 les
610 2198 854 2235 instructions
885 2198 1052 2235 donnces
1085 2210 1132 2234 au
1170 2196 1348 2246 seigneur
1382 2193 1433 2230 du
1460 2193 1684 2245 Bmlchage,

280 2270 377 2307 pour
394 2270 576 2307 arrangcr
593 2259 647 2295 les
670 2260 802 2297 choses
821 2274 867 2297 en
891 2259 1110 2296 Roussillon
1130 2266 1166 2294 et
1182 2264 1328 2294 surtout
1349 2257 1369 2291 ἐι
1391 2254 1621 2305 Pcrpignan,
1642 2253 1689 2291 de

279 2316 447 2352 muniere
467 2318 487 2352 a
507 2330 549 2352 cc
569 2318 659 2365 qu'il
680 2322 745 2367 n’y
759 2321 822 2355 eut
839 2320 922 2369 plns
941 2317 1248 2355 d’insurrection.
1272 2314 1372 2351 Elles
1389 2321 1473 2351 sont
1492 2313 1618 2350 date'es
1637 2311 1688 2349 du

279 2377 329 2411 23
349 2388 447 2411 mars
464 2377 564 2411 1474
579 2382 631 2421 (v.
650 2385 726 2421 st.).
744 2379 900 2428 Lenglet
919 2378 1149 2426 Dusresnoy‚
1171 2379 1390 2420 (fomonnes,
1414 2382 1438 2410 t.
1456 2375 1576 2422 111,p.
1597 2374 1684 2409 372·

333 2436 372 2472 2.
404 2433 596 2471 Coblentz.

334 2496 369 2530 3.
403 2496 454 2530 Le
471 2506 559 2529 nom
580 2493 675 2530 n'est
688 2506 754 2543 pas
775 2494 867 2530 dans
888 2495 923 2531 le
944 2509 1013 2532 ms.
1033 2498 1051 2531 a
1071 2503 1129 2531 eet
1148 2493 1312 2538 endroit,
1337 2491 1428 2528 mais
1450 2491 1473 2527 il
1495 2503 1535 2528 se
1555 2498 1687 2526 trouve

282 2553 363 2602 plus
382 2553 474 2600 loin,
494 2553 660 2603 quoique
678 2567 728 2589 un
748 2567 818 2603 peu
841 2554 1024 2601 ‹langiu-(³.
1047 2558 1091 2592 Je
1109 2557 1143 2592 le
1166 2554 1319 2591 restitue
1342 2552 1492 2602 (Fames
1508 2551 1662 2588 Molinet
1677 2578 1685 2591 ‚

282 2613 303 2648 Ι.
331 2615 362 2657 1,
386 2627 420 2651 e.
444 2627 513 2659 XII,
531 2621 567 2649 et
587 2612 731 2651 Olivier
753 2612 799 2648 de
824 2617 875 2649 La
898 2614 1064 2660 Mambe,
1085 2615 1110 2652 1.
1133 2618 1183 2659 11,
1211 2628 1242 2648 e.
1272 2627 1330 2651 111.

335 2674 368 2706 Α.
406 2671 551 2719 Allwrt,
576 2672 741 2721 marquis
763 2672 807 2708 de
831 2672 1117 2721 Brandehourg.
