1923 3020
706 266 848 301 LIBER
876 265 1141 301 SECUNDUS.
1551 264 1624 299 145

227 352 455 396 rationem
495 352 541 396 in
571 351 664 397 suis
693 350 868 397 habere
895 349 1112 396 manibus
1136 348 1431 407 anhelantes,
1457 349 1625 396 exinde

225 427 596 491 indignationem
619 428 840 474 adversus
862 429 1011 492 ipsum
1036 427 1286 472 dominum
1306 425 1526 472 Carolum
1559 437 1627 472 to-

225 513 412 566 tamque
433 505 631 567 patriam
658 506 953 551 Normanniae
971 505 1254 551 contraxisse
1272 513 1318 550 et
1336 505 1624 567 concepisse,

227 581 385 638 Unde,
412 598 521 626 cum
545 583 591 627 in
617 583 770 645 vigilia
803 600 884 629 seu
921 582 1035 628 festo
1061 581 1136 627 die
1170 586 1315 627 Beatae
1343 580 1629 627 Catharinae¹

224 658 513 721 promisisset
549 659 729 705 civibus
772 660 880 723 ipsis
917 659 1139 705 dominus
1174 658 1367 704 Carolus
1404 659 1452 704 in
1482 659 1630 722 ipsam

224 733 391 779 urbem
418 734 763 797 Rothomagum
789 737 983 782 introire
1014 736 1156 799 idque
1188 736 1250 780 ita
1274 735 1484 781 futurum
1508 735 1632 781 cives

225 811 472 873 caeterique
522 813 665 857 totius
717 813 968 877 provinciae
1016 812 1266 876 primiores
1310 811 1489 875 absque
1536 812 1631 858 ullo

225 887 542 950 ambiguitatis
578 891 799 954 scrupulo
838 899 1190 953 exspectarent,
1236 889 1554 936 existimantes
1590 901 1634 936 et

224 965 341 1011 nihil
387 966 446 1012 de
489 969 726 1014 contrario
771 968 1001 1014 ullatenus
1049 967 1270 1030 suspicati
1294 1003 1304 1025 ,
1349 967 1479 1029 quod
1526 985 1635 1014 cum

225 1044 355 1088 omni
390 1043 719 1091 benevolentia
757 1046 855 1109 ipse
889 1045 1131 1090 Britonum
1158 1043 1277 1101 dux,
1307 1044 1440 1105 cujus
1466 1061 1635 1107 magna

225 1138 332 1185 pars
352 1122 598 1184 copiarum
613 1123 710 1184 jam
735 1139 818 1186 per
843 1123 999 1186 plures
1023 1121 1121 1167 dies
1144 1122 1191 1166 in
1214 1121 1401 1166 civitate
1424 1131 1631 1181 steterat,

226 1215 335 1244 cum
353 1199 446 1244 suis
462 1199 674 1261 jucunde
694 1209 738 1245 et
760 1200 919 1245 festive
943 1199 1099 1262 ipsum
1120 1197 1371 1243 dominum
1389 1198 1630 1259 Carolum,

225 1275 269 1320 in
313 1275 441 1321 dicto
478 1293 562 1321 suo
600 1276 814 1338 jucundo
850 1279 1085 1337 ingressu,
1126 1275 1455 1320 consociarent
1496 1284 1636 1338 atque

223 1350 536 1412 honorarent,
583 1354 800 1398 inimicus
848 1352 994 1398 homo
1012 1354 1040 1411 ²,
1085 1351 1464 1415 superseminans
1509 1351 1635 1397 diffi-

222 1429 491 1476 dentiarum
521 1447 573 1476 ac
610 1431 899 1477 simultatum
926 1430 1099 1476 zizania
1117 1466 1128 1488 ‚
1165 1446 1308 1476 omne
1335 1430 1548 1476 amicitiae
1581 1447 1635 1477 ac

222 1505 580 1566 benevolentiae,
607 1509 739 1570 quod
757 1508 983 1554 hactenus
1007 1507 1146 1554 fuisse
1163 1507 1285 1552 inter
1306 1507 1496 1554 eosdem
1519 1507 1634 1554 exis-

222 1580 375 1625 timari
397 1591 599 1645 poterat,
626 1581 777 1627 foedus
804 1581 990 1645 abrupit
1013 1597 1066 1626 ac
1089 1579 1320 1626 dissolvit.

285 1661 399 1715 Quae
421 1676 509 1717 res,
537 1659 703 1722 procul
727 1658 891 1718 dubio,
918 1658 1053 1705 valde
1079 1657 1279 1704 infausta
1307 1659 1626 1718 Normanniae,

220 1736 369 1799 ipsam
414 1737 595 1799 magnis
633 1747 678 1782 et
715 1737 827 1783 diris
866 1735 1208 1783 calamitatibus
1253 1736 1466 1782 involvit.
1514 1741 1629 1784 Nam

218 1814 477 1875 praestituto
496 1814 589 1872 die,
616 1831 712 1877 quo
734 1814 844 1859 novi
868 1814 999 1860 ducis
1018 1814 1064 1858 in
1086 1813 1251 1859 urbem
1272 1813 1630 1877 praestolabatur

218 1890 479 1951 ingressus,
521 1890 641 1936 fama
671 1891 844 1936 civium
877 1907 1011 1937 aures
1042 1890 1251 1954 implevit
1281 1890 1360 1952 (et
1384 1906 1470 1954 pro
1497 1902 1626 1938 certo

217 1969 282 2014 ita
305 1968 443 2014 fuisse
468 1979 533 2014 est
555 1968 805 2030 creditum)
829 1967 959 2031 quod
983 1967 1078 2013 dux
1104 1967 1201 2030 ipse
1228 1966 1490 2026 Britonum‚
1515 1985 1623 2015 cum

216 2044 564 2103 suis,eumdem
581 2044 752 2090 ducem
773 2061 952 2089 novum
969 2044 1027 2090 ad
1048 2060 1203 2105 regem
1220 2042 1392 2090 ducere
1410 2044 1618 2107 volebat3

216 2121 518 2185 facturusque
544 2121 636 2168 hoc
663 2120 820 2166 fuisset
844 2121 1056 2183 proxima
1082 2129 1238 2179 nocte,
1267 2121 1303 2165 si
1330 2121 1501 2184 [prout
1526 2140 1621 2170 ma-

216 2215 423 2264 gnopere
455 2208 651 2244 conatus
683 2207 750 2243 est
781 2213 864 2260 per
899 2206 1053 2242 totum
1085 2196 1215 2241 illum
1251 2196 1408 2259 diem)
1442 2199 1618 2261 ingres-

214 2292 320 2322 sum
356 2293 494 2322 suum
531 2275 718 2321 differre
756 2274 999 2337 potuisset.
1047 2274 1137 2320 Nec
1172 2288 1290 2317 vana
1327 2273 1504 2337 quippe
1537 2287 1617 2323 aut

214 2353 327 2399 levis
357 2365 402 2400 et
432 2354 678 2400 temeraria
700 2368 752 2398 ea
778 2350 948 2396 volavit
983 2349 1104 2396 fama
1132 2368 1140 2394 ε
1169 2365 1279 2395 nam
1317 2349 1364 2395 id
1397 2351 1485 2397 sibi
1517 2369 1613 2399 non

214 2430 478 2476 inconsulte
504 2440 717 2476 metuens
738 2431 835 2493 ipse
854 2445 1004 2474 novus
1028 2427 1139 2487 dux,
1167 2436 1212 2472 et
1234 2426 1290 2471 ii³
1313 2444 1432 2490 quos
1453 2446 1612 2476 secum

212 2506 333 2553 fidos
351 2507 573 2568 habebat,
596 2506 828 2569 quosdam
853 2522 909 2551 ex
930 2505 1114 2550 civitate
1136 2504 1263 2549 viros
1278 2503 1434 2550 bonos
1457 2521 1612 2553 accer-

267 2629 303 2662 1.
337 2628 386 2663 25
406 2625 627 2665 novembre.

265 2686 302 2721 ⁶2.
334 2687 377 2722 Je
398 2685 496 2721 crois
516 2683 608 2734 qu'il
627 2685 704 2721 saut
722 2684 906 2735 corriger,
929 2686 1107 2722 Inimicus
1122 2682 1296 2728 hominis,
1319 2680 1355 2718 le
1375 2680 1527 2722 demon.

267 2746 301 2781 3.
335 2747 401 2779 Eis
421 2744 513 2781 dans
534 2746 567 2780 le
587 2757 656 2781 ms.

423 2829 457 2851 11
1353 2812 1402 2847 ¹0
