1923 3020
269 257 343 291 142
634 254 971 290 HISTORIARUM
999 253 1232 291 LUDOVICI
1261 256 1319 291 XI

268 360 316 389 se
342 341 580 387 habebant
604 348 891 395 conventus,
922 349 1016 384 tam
1045 355 1186 402 super
1220 339 1407 385 honore
1439 351 1485 386 et
1515 357 1674 406 recep-

270 421 408 465 tionis
444 418 590 463 modo
626 434 722 480 quo
747 434 885 463 suum
909 417 1080 463 ducem
1105 434 1312 478 novum,
1343 417 1559 464 devotius
1579 435 1675 482 quo

269 498 417 542 facere
444 504 662 557 possent,
688 495 1005 551 honorarent,
1033 510 1176 557 quam
1199 495 1341 541 etiam
1371 512 1513 559 super
1538 496 1676 543 variis

266 571 508 636 capitulis,
556 581 728 618 statum
770 572 931 635 patriae
971 582 1017 618 et
1060 571 1121 618 ab
1159 573 1354 619 immani
1389 573 1676 619 tributorum

266 666 409 695 onere
448 649 643 712 aliquod
673 649 887 695 levamen
914 650 1233 714 multipliciter
1255 650 1671 697 concernentibus.

330 729 450 772 Cum
493 736 651 773 autem
687 727 948 789 ingressum
986 744 1125 772 suuni
1164 728 1211 773 in
1253 728 1468 774 eamdem
1507 728 1675 774 urbem

265 803 364 866 ipse
392 819 546 849 novus
572 803 666 848 dux
696 813 743 849 et
768 803 991 849 dominus
1011 841 1021 863 ,
1044 804 1176 866 juxta
1207 815 1373 851 votum
1405 816 1451 852 et
1479 815 1673 868 pi‘aesto-

266 879 490 926 lationem
515 880 729 925 omnium
764 881 923 943 patriae
946 881 1235 940 incolarum,
1279 881 1480 928 libenter
1518 893 1675 929 matu-

264 966 432 1013 rasset,
462 955 629 1002 callide
665 966 822 1002 tamen
853 966 897 1002 et
934 967 1036 1002 astu
1061 957 1187 1003 malo
1222 974 1250 1003 a
1275 958 1395 1004 duce
1427 959 1674 1004 Britonum

264 1043 309 1079 et
331 1034 425 1079 suis
451 1034 550 1096 ejus
574 1033 902 1080 retardabatur
926 1034 1417 1097 etprocrastinabatur
1433 1053 1668 1082 accessus:

263 1110 400 1173 ipsis,
428 1111 702 1174 priusquam
728 1111 775 1154 in
805 1110 1023 1156 eamdem
1060 1110 1385 1172 ingrederetur
1407 1111 1597 1173 urbem,
1624 1114 1672 1159 in

264 1204 358 1250 qua
384 1189 611 1235 universas
639 1188 894 1252 provinciae
919 1187 1155 1233 nobilium
1177 1198 1222 1234 et
1238 1189 1536 1251 praelatorum
1556 1206 1672 1236 con-

263 1275 459 1311 ventum
496 1266 753 1312 maximum
790 1265 1043 1311 collectum
1068 1282 1168 1311 esse
1203 1266 1437 1326 sciebant,
1469 1278 1675 1314 conten-

264 1342 485 1389 dentibus
521 1353 570 1388 ut
612 1342 670 1388 dc
718 1342 944 1388 custodiis
993 1343 1260 1402 civitatum,
1302 1344 1590 1408 oppidorum
1628 1355 1672 1391 et

263 1420 593 1480 castellorum⁷
637 1420 909 1482 caeterisque
959 1420 1182 1466 omnibus
1224 1420 1368 1467 ferme
1415 1421 1580 1468 officiis
1627 1432 1673 1468 et

263 1497 527 1543 honoribus
551 1497 739 1560 patrico,
763 1513 816 1542 ea
841 1497 953 1561 ipsis
976 1496 1229 1557 donando,
1258 1514 1448 1544 securos
1468 1515 1549 1544 eos
1572 1498 1675 1544 red-

263 1574 422 1633 deret,
468 1575 743 1638 priusquam
778 1573 839 1620 ad
874 1591 984 1620 eum
1020 1574 1185 1620 incolae
1218 1584 1353 1620 terrae
1387 1573 1675 1620 audientiam

262 1652 333 1698 vel
358 1668 599 1698 accessum
623 1652 829 1714 aliquem
852 1651 1029 1698 habere
1052 1651 1333 1715 potuissent.
1359 1654 1416 1696 Et
1439 1649 1669 1714 profecto,

262 1730 299 1776 si
349 1746 516 1775 corum
554 1729 806 1775 ambitioni
845 1739 889 1775 et
924 1729 1260 1793 cupiditatibus
1297 1728 1455 1774 suisset
1495 1728 1674 1774 satisfa-

261 1807 508 1866 ciendum,
536 1806 691 1852 decies
715 1806 1013 1852 tantumdem
1043 1806 1284 1851 bonorum
1310 1814 1356 1852 et
1377 1805 1669 1865 officiorum,

262 1884 474 1946 ipsorum
508 1884 757 1929 Britonum
787 1892 833 1928 et
866 1882 1067 1928 aliorum
1091 1882 1151 1928 ad
1172 1883 1325 1946 ipsum
1349 1898 1528 1927 novum
1549 1881 1673 1944 prin·

261 1961 416 2025 cipem
443 1978 499 2008 ex
523 1961 721 2008 diversis
753 1961 886 2022 regni
918 1961 1173 2024 provinciis
1196 1960 1563 2018 confluentium,
1592 1975 1672 2004 eo-

262 2054 369 2082 rum
389 2038 796 2100 assequendorum
816 2053 957 2083 causa
972 2076 983 2097 ,
1010 2036 1346 2101 cupiditatibus
1365 2030 1560 2081 minime
1586 2033 1674 2079 suf-

264 2114 493 2160 fecissent.
521 2118 695 2162 Tantus
719 2116 846 2161 enim
873 2114 930 2161 ad
957 2115 1137 2161 curiam
1160 2114 1259 2177 ejus
1277 2130 1363 2177 pro
1381 2113 1508 2158 hisce
1532 2111 1673 2158 rebus

265 2190 406 2237 fiebat
428 2192 640 2255 undique
673 2208 958 2250 concursus,
995 2201 1045 2237 ut
1067 2192 1168 2250 vix,
1208 2190 1269 2237 ad
1296 2188 1673 2236 satisfaciendum

265 2284 418 2331 parxae
449 2270 822 2332 postulationum
852 2269 1087 2333 portioni,
1130 2278 1176 2313 et
1200 2269 1470 2332 importune
1501 2281 1673 2328 rogan-

264 2347 406 2405 tium,
439 2348 580 2391 totius
603 2348 735 2408 regni
759 2346 915 2393 officia
941 2346 1250 2392 suffecissent.

327 2424 420 2470 Sed
439 2441 546 2469 cum
566 2424 705 2469 ctiam
725 2424 823 2469 liaec
842 2425 1001 2488 patriae
1020 2424 1270 2488 primiores
1288 2431 1332 2468 et
1354 2421 1668 2477 honestiores,

263 2501 343 2564 qui
381 2510 706 2547 convenerant
749 2501 1126 2562 Rothomagum,
1167 2516 1265 2545 non
1300 2499 1503 2545 'laterent
1535 2495 1674 2542 moli-

263 2579 415 2637 mina,
454 2578 684 2623 miscrunt
719 2575 779 2621 ad
812 2577 965 2638 ipsum
998 2577 1262 2640 principem
1290 2592 1429 2621 suum
1452 2571 1672 2638 epistolas

261 2667 307 2701 et
357 2656 574 2714 nuntios,
616 2663 835 2716 rogantes
868 2663 919 2698 ut
955 2665 1137 2700 certum
1178 2655 1333 2714 diem,
1373 2670 1469 2716 quo
1503 2651 1670 2697 urbem

263 2750 399 2780 suam
420 2734 714 2796 ingressurus
741 2741 877 2790 esset,
901 2731 1139 2794 praefigere
1158 2730 1310 2791 vellet,
1332 2730 1497 2792 idque,
1521 2741 1671 2790 quan-
