<?xml version="1.0" encoding="UTF-8"?>
<!DOCTYPE html PUBLIC "-//W3C//DTD XHTML 1.0 Transitional//EN"
    "http://www.w3.org/TR/xhtml1/DTD/xhtml1-transitional.dtd">
<html xmlns="http://www.w3.org/1999/xhtml" xml:lang="en" lang="en">
 <head>
  <title>
</title>
<meta http-equiv="Content-Type" content="text/html;charset=utf-8" />
  <meta name='ocr-system' content='tesseract 3.04.00' />
  <meta name='ocr-capabilities' content='ocr_page ocr_carea ocr_par ocr_line ocrx_word'/>
</head>
<body>
  <div class='ocr_page' id='page_1' title='image "./histoiredesrgn02basi_0082.png"; bbox 0 0 1923 3020; ppageno 0'>
   <div class='ocr_carea' id='block_1_1' title="bbox 277 223 1323 264">
    <p class='ocr_par' dir='ltr' id='par_1_1' title="bbox 277 223 1323 264">
     <span class='ocr_line' id='line_1_1' title="bbox 277 223 1323 264; baseline -0.007 0"><span class='ocrx_word' id='word_1_1' title='bbox 277 231 299 264; x_wconf 82' lang='lat'><strong>2</strong></span> <span class='ocrx_word' id='word_1_2' title='bbox 642 227 981 263; x_wconf 84' lang='lat' dir='ltr'>HISTORIARUM</span> <span class='ocrx_word' id='word_1_3' title='bbox 1008 225 1241 262; x_wconf 81' lang='lat' dir='ltr'>LUDOVICI</span> <span class='ocrx_word' id='word_1_4' title='bbox 1269 223 1323 258; x_wconf 85' lang='lat' dir='ltr'>XI</span> 
     </span>
    </p>
   </div>
   <div class='ocr_carea' id='block_1_2' title="bbox 265 306 1697 2522">
    <p class='ocr_par' dir='ltr' id='par_1_2' title="bbox 265 306 1688 1742">
     <span class='ocr_line' id='line_1_2' title="bbox 276 306 1682 369; baseline -0.006 -9"><span class='ocrx_word' id='word_1_5' title='bbox 276 333 329 362; x_wconf 88' lang='lat' dir='ltr'>ac</span> <span class='ocrx_word' id='word_1_6' title='bbox 364 313 613 360; x_wconf 87' lang='lat' dir='ltr'>crudeliter</span> <span class='ocrx_word' id='word_1_7' title='bbox 651 314 770 359; x_wconf 89' lang='lat' dir='ltr'>facta</span> <span class='ocrx_word' id='word_1_8' title='bbox 804 322 1146 369; x_wconf 80' lang='lat' dir='ltr'>retexeremus‚</span> <span class='ocrx_word' id='word_1_9' title='bbox 1184 326 1211 354; x_wconf 92' lang='lat' dir='ltr'>a</span> <span class='ocrx_word' id='word_1_10' title='bbox 1244 306 1486 353; x_wconf 81' lang='lat' dir='ltr'>nonnullis</span> <span class='ocrx_word' id='word_1_11' title='bbox 1519 308 1599 368; x_wconf 90' lang='lat' dir='ltr'>qui</span> <span class='ocrx_word' id='word_1_12' title='bbox 1629 323 1682 352; x_wconf 89' lang='lat' dir='ltr'>ea</span> 
     </span>
     <span class='ocr_line' id='line_1_3' title="bbox 275 384 1683 451; baseline -0.006 -14"><span class='ocrx_word' id='word_1_13' title='bbox 275 393 439 439; x_wconf 88' lang='lat' dir='ltr'>lecturi</span> <span class='ocrx_word' id='word_1_14' title='bbox 476 391 629 437; x_wconf 88' lang='lat' dir='ltr'>forent</span> <span class='ocrx_word' id='word_1_15' title='bbox 665 390 758 436; x_wconf 79' lang='lat' dir='ltr'>tide</span> <span class='ocrx_word' id='word_1_16' title='bbox 784 390 978 435; x_wconf 87' lang='lat' dir='ltr'>minime</span> <span class='ocrx_word' id='word_1_17' title='bbox 1007 388 1239 451; x_wconf 68' lang='lat' dir='ltr'>praestita,</span> <span class='ocrx_word' id='word_1_18' title='bbox 1275 384 1492 431; x_wconf 88' lang='lat' dir='ltr'>maledici</span> <span class='ocrx_word' id='word_1_19' title='bbox 1527 385 1683 447; x_wconf 85' lang='lat' dir='ltr'>potius</span> 
     </span>
     <span class='ocr_line' id='line_1_4' title="bbox 275 461 1678 531; baseline -0.007 -17"><span class='ocrx_word' id='word_1_20' title='bbox 275 468 562 531; x_wconf 82' lang='lat' dir='ltr'>cujuspiam,</span> <span class='ocrx_word' id='word_1_21' title='bbox 603 483 746 528; x_wconf 87' lang='lat' dir='ltr'>quam</span> <span class='ocrx_word' id='word_1_22' title='bbox 778 464 1001 510; x_wconf 80' lang='lat' dir='ltr'>historica</span> <span class='ocrx_word' id='word_1_23' title='bbox 1039 463 1226 509; x_wconf 86' lang='lat' dir='ltr'>licentia</span> <span class='ocrx_word' id='word_1_24' title='bbox 1259 478 1368 508; x_wconf 85' lang='lat' dir='ltr'>vera</span> <span class='ocrx_word' id='word_1_25' title='bbox 1405 461 1678 517; x_wconf 78' lang='lat' dir='ltr'>referentis,</span> 
     </span>
     <span class='ocr_line' id='line_1_5' title="bbox 275 539 1683 607; baseline -0.006 -16"><span class='ocrx_word' id='word_1_26' title='bbox 275 546 483 592; x_wconf 85' lang='lat' dir='ltr'>officium</span> <span class='ocrx_word' id='word_1_27' title='bbox 501 544 804 607; x_wconf 81' lang='lat' dir='ltr'>assumpsisse</span> <span class='ocrx_word' id='word_1_28' title='bbox 827 553 1118 607; x_wconf 91' lang='lat' dir='ltr'>putaremur.</span> <span class='ocrx_word' id='word_1_29' title='bbox 1149 542 1241 587; x_wconf 88' lang='lat' dir='ltr'>Sed</span> <span class='ocrx_word' id='word_1_30' title='bbox 1262 557 1371 586; x_wconf 91' lang='lat' dir='ltr'>cum</span> <span class='ocrx_word' id='word_1_31' title='bbox 1395 557 1422 586; x_wconf 87' lang='lat' dir='ltr'>a</span> <span class='ocrx_word' id='word_1_32' title='bbox 1446 539 1683 585; x_wconf 80' lang='lat' dir='ltr'>veteribus</span> 
     </span>
     <span class='ocr_line' id='line_1_6' title="bbox 274 617 1684 685; baseline -0.006 -16"><span class='ocrx_word' id='word_1_33' title='bbox 274 624 476 670; x_wconf 84' lang='lat' dir='ltr'>historiae</span> <span class='ocrx_word' id='word_1_34' title='bbox 499 620 806 685; x_wconf 78' lang='lat' dir='ltr'>scriptoribus</span> <span class='ocrx_word' id='word_1_35' title='bbox 827 658 838 681; x_wconf 88' lang='lat'>,</span> <span class='ocrx_word' id='word_1_36' title='bbox 875 637 973 666; x_wconf 89' lang='lat' dir='ltr'>non</span> <span class='ocrx_word' id='word_1_37' title='bbox 997 620 1153 666; x_wconf 84' lang='lat' dir='ltr'>solum</span> <span class='ocrx_word' id='word_1_38' title='bbox 1184 619 1198 683; x_wconf 87' lang='lat'>[</span> <span class='ocrx_word' id='word_1_39' title='bbox 1225 618 1413 682; x_wconf 85' lang='lat' dir='ltr'>regum]</span> <span class='ocrx_word' id='word_1_40' title='bbox 1437 617 1510 663; x_wconf 87' lang='lat' dir='ltr'>vel</span> <span class='ocrx_word' id='word_1_41' title='bbox 1534 618 1684 680; x_wconf 88' lang='lat' dir='ltr'>impe-</span> 
     </span>
     <span class='ocr_line' id='line_1_7' title="bbox 274 695 1684 762; baseline -0.005 -17"><span class='ocrx_word' id='word_1_42' title='bbox 274 711 486 747; x_wconf 86' lang='lat' dir='ltr'>ratorum</span> <span class='ocrx_word' id='word_1_43' title='bbox 510 700 591 762; x_wconf 87' lang='lat' dir='ltr'>qui</span> <span class='ocrx_word' id='word_1_44' title='bbox 609 697 858 744; x_wconf 76' lang='lat' dir='ltr'>virtutibus</span> <span class='ocrx_word' id='word_1_45' title='bbox 887 707 933 743; x_wconf 88' lang='lat' dir='ltr'>et</span> <span class='ocrx_word' id='word_1_46' title='bbox 959 697 1187 761; x_wconf 70' lang='lat' dir='ltr'>sapientia</span> <span class='ocrx_word' id='word_1_47' title='bbox 1210 696 1482 742; x_wconf 86' lang='lat' dir='ltr'>claruerunt</span> <span class='ocrx_word' id='word_1_48' title='bbox 1510 695 1684 758; x_wconf 87' lang='lat' dir='ltr'>quique</span> 
     </span>
     <span class='ocr_line' id='line_1_8' title="bbox 275 771 1683 840; baseline -0.004 -18"><span class='ocrx_word' id='word_1_49' title='bbox 275 776 541 840; x_wconf 62' lang='lat' dir='ltr'>reipublicae</span> <span class='ocrx_word' id='word_1_50' title='bbox 564 774 856 839; x_wconf 82' lang='lat' dir='ltr'>temporibus</span> <span class='ocrx_word' id='word_1_51' title='bbox 879 775 973 820; x_wconf 87' lang='lat' dir='ltr'>suis</span> <span class='ocrx_word' id='word_1_52' title='bbox 998 774 1132 819; x_wconf 88' lang='lat' dir='ltr'>utiles</span> <span class='ocrx_word' id='word_1_53' title='bbox 1155 773 1453 830; x_wconf 79' lang='lat' dir='ltr'>exstiterunt,</span> <span class='ocrx_word' id='word_1_54' title='bbox 1489 771 1570 817; x_wconf 87' lang='lat' dir='ltr'>sed</span> <span class='ocrx_word' id='word_1_55' title='bbox 1602 786 1683 816; x_wconf 92' lang='lat' dir='ltr'>eo-</span> 
     </span>
     <span class='ocr_line' id='line_1_9' title="bbox 274 849 1684 915; baseline -0.005 -16"><span class='ocrx_word' id='word_1_56' title='bbox 274 869 379 899; x_wconf 87' lang='lat' dir='ltr'>rum</span> <span class='ocrx_word' id='word_1_57' title='bbox 399 853 539 898; x_wconf 86' lang='lat' dir='ltr'>etiam</span> <span class='ocrx_word' id='word_1_58' title='bbox 557 854 637 915; x_wconf 86' lang='lat' dir='ltr'>qui</span> <span class='ocrx_word' id='word_1_59' title='bbox 655 852 785 897; x_wconf 91' lang='lat' dir='ltr'>omni</span> <span class='ocrx_word' id='word_1_60' title='bbox 804 851 1051 914; x_wconf 80' lang='lat' dir='ltr'>iniquitate</span> <span class='ocrx_word' id='word_1_61' title='bbox 1069 859 1111 895; x_wconf 91' lang='lat' dir='ltr'>et</span> <span class='ocrx_word' id='word_1_62' title='bbox 1133 850 1343 912; x_wconf 83' lang='lat' dir='ltr'>nequitia</span> <span class='ocrx_word' id='word_1_63' title='bbox 1364 849 1684 910; x_wconf 67' lang='lat' dir='ltr'>vitiorumque</span> 
     </span>
     <span class='ocr_line' id='line_1_10' title="bbox 269 924 1684 990; baseline -0.004 -15"><span class='ocrx_word' id='word_1_64' title='bbox 269 928 560 975; x_wconf 84' lang='lat' dir='ltr'>obscenitate</span> <span class='ocrx_word' id='word_1_65' title='bbox 597 929 801 990; x_wconf 84' lang='lat' dir='ltr'>insignes</span> <span class='ocrx_word' id='word_1_66' title='bbox 826 927 1087 989; x_wconf 78' lang='lat' dir='ltr'>famosique</span> <span class='ocrx_word' id='word_1_67' title='bbox 1120 925 1305 972; x_wconf 82' lang='lat' dir='ltr'>fuerunt</span> <span class='ocrx_word' id='word_1_68' title='bbox 1339 927 1422 986; x_wconf 77' lang='lat' dir='ltr'>(ut</span> <span class='ocrx_word' id='word_1_69' title='bbox 1445 925 1540 970; x_wconf 86' lang='lat' dir='ltr'>Caii</span> <span class='ocrx_word' id='word_1_70' title='bbox 1565 924 1684 970; x_wconf 80' lang='lat' dir='ltr'>Cali-</span> 
     </span>
     <span class='ocr_line' id='line_1_11' title="bbox 268 1001 1685 1068; baseline -0.004 -17"><span class='ocrx_word' id='word_1_71' title='bbox 268 1006 407 1068; x_wconf 76' lang='lat' dir='ltr'>gulae,</span> <span class='ocrx_word' id='word_1_72' title='bbox 438 1005 660 1062; x_wconf 71' lang='lat' dir='ltr'>Neronis,</span> <span class='ocrx_word' id='word_1_73' title='bbox 694 1005 978 1061; x_wconf 77' lang='lat' dir='ltr'>Domitiani,</span> <span class='ocrx_word' id='word_1_74' title='bbox 1019 1003 1271 1048; x_wconf 83' lang='lat' dir='ltr'>Commodi</span> <span class='ocrx_word' id='word_1_75' title='bbox 1307 1001 1685 1065; x_wconf 88' lang='lat' dir='ltr'>quamplurimo—</span> 
     </span>
     <span class='ocr_line' id='line_1_12' title="bbox 265 1080 1684 1147; baseline -0.005 -17"><span class='ocrx_word' id='word_1_76' title='bbox 265 1101 470 1147; x_wconf 86' lang='lat' dir='ltr'>rumque</span> <span class='ocrx_word' id='word_1_77' title='bbox 515 1084 725 1142; x_wconf 78' lang='lat' dir='ltr'>tatium)</span> <span class='ocrx_word' id='word_1_78' title='bbox 768 1100 841 1128; x_wconf 93' lang='lat' dir='ltr'>res</span> <span class='ocrx_word' id='word_1_79' title='bbox 883 1091 1034 1143; x_wconf 83' lang='lat' dir='ltr'>gestas</span> <span class='ocrx_word' id='word_1_80' title='bbox 1079 1091 1293 1126; x_wconf 70' lang='lat' dir='ltr'>narratas</span> <span class='ocrx_word' id='word_1_81' title='bbox 1334 1080 1684 1142; x_wconf 86' lang='lat' dir='ltr'>descriptasque</span> 
     </span>
     <span class='ocr_line' id='line_1_13' title="bbox 268 1155 1688 1220; baseline -0.004 -14"><span class='ocrx_word' id='word_1_82' title='bbox 268 1161 407 1206; x_wconf 81' lang='lat' dir='ltr'>fuisse</span> <span class='ocrx_word' id='word_1_83' title='bbox 450 1177 591 1205; x_wconf 87' lang='lat' dir='ltr'>nemo</span> <span class='ocrx_word' id='word_1_84' title='bbox 634 1160 843 1220; x_wconf 80' lang='lat' dir='ltr'>ignoret,</span> <span class='ocrx_word' id='word_1_85' title='bbox 885 1174 1053 1203; x_wconf 86' lang='lat' dir='ltr'>ausum</span> <span class='ocrx_word' id='word_1_86' title='bbox 1090 1158 1360 1220; x_wconf 81' lang='lat' dir='ltr'>accepimus</span> <span class='ocrx_word' id='word_1_87' title='bbox 1389 1155 1688 1201; x_wconf 81' lang='lat' dir='ltr'>confidenter</span> 
     </span>
     <span class='ocr_line' id='line_1_14' title="bbox 270 1235 1683 1298; baseline -0.005 -15"><span class='ocrx_word' id='word_1_88' title='bbox 270 1238 411 1283; x_wconf 91' lang='lat' dir='ltr'>etiam</span> <span class='ocrx_word' id='word_1_89' title='bbox 447 1237 566 1298; x_wconf 83' lang='lat' dir='ltr'>regis</span> <span class='ocrx_word' id='word_1_90' title='bbox 604 1235 742 1297; x_wconf 77' lang='lat' dir='ltr'>liujus</span> <span class='ocrx_word' id='word_1_91' title='bbox 781 1245 998 1298; x_wconf 88' lang='lat' dir='ltr'>tempora</span> <span class='ocrx_word' id='word_1_92' title='bbox 1037 1250 1205 1296; x_wconf 87' lang='lat' dir='ltr'>resque</span> <span class='ocrx_word' id='word_1_93' title='bbox 1245 1250 1328 1296; x_wconf 80' lang='lat' dir='ltr'>per</span> <span class='ocrx_word' id='word_1_94' title='bbox 1362 1250 1470 1278; x_wconf 85' lang='lat' dir='ltr'>cum</span> <span class='ocrx_word' id='word_1_95' title='bbox 1506 1241 1683 1293; x_wconf 81' lang='lat' dir='ltr'>gestas,</span> 
     </span>
     <span class='ocr_line' id='line_1_15' title="bbox 268 1310 1682 1375; baseline -0.004 -15"><span class='ocrx_word' id='word_1_96' title='bbox 268 1315 428 1360; x_wconf 73' lang='lat' dir='ltr'>divina</span> <span class='ocrx_word' id='word_1_97' title='bbox 463 1313 731 1375; x_wconf 82' lang='lat' dir='ltr'>adspirante</span> <span class='ocrx_word' id='word_1_98' title='bbox 769 1312 939 1374; x_wconf 74' lang='lat' dir='ltr'>gratia,</span> <span class='ocrx_word' id='word_1_99' title='bbox 979 1311 1099 1374; x_wconf 59' lang='lat' dir='ltr'>stylo</span> <span class='ocrx_word' id='word_1_100' title='bbox 1137 1310 1417 1356; x_wconf 82' lang='lat' dir='ltr'>narrationis</span> <span class='ocrx_word' id='word_1_101' title='bbox 1451 1310 1638 1371; x_wconf 76' lang='lat' dir='ltr'>exsequi</span> <span class='ocrx_word' id='word_1_102' title='bbox 1674 1328 1682 1354; x_wconf 92' lang='lat'>:</span> 
     </span>
     <span class='ocr_line' id='line_1_16' title="bbox 271 1371 1687 1452; baseline -0.004 -16"><span class='ocrx_word' id='word_1_103' title='bbox 271 1391 421 1436; x_wconf 88' lang='lat' dir='ltr'>multo</span> <span class='ocrx_word' id='word_1_104' title='bbox 449 1391 593 1452; x_wconf 78' lang='lat' dir='ltr'>magis</span> <span class='ocrx_word' id='word_1_105' title='bbox 619 1389 839 1452; x_wconf 78' lang='lat' dir='ltr'>eligentes</span> <span class='ocrx_word' id='word_1_106' title='bbox 873 1388 1080 1434; x_wconf 85' lang='lat' dir='ltr'>veridica</span> <span class='ocrx_word' id='word_1_107' title='bbox 1106 1371 1373 1434; x_wconf 67' lang='lat' dir='ltr'>narratio‘iie</span> <span class='ocrx_word' id='word_1_108' title='bbox 1399 1387 1457 1432; x_wconf 86' lang='lat' dir='ltr'>ad</span> <span class='ocrx_word' id='word_1_109' title='bbox 1484 1388 1687 1432; x_wconf 89' lang='lat' dir='ltr'>instruc—</span> 
     </span>
     <span class='ocr_line' id='line_1_17' title="bbox 272 1465 1686 1528; baseline -0.004 -16"><span class='ocrx_word' id='word_1_110' title='bbox 272 1467 453 1512; x_wconf 83' lang='lat' dir='ltr'>tionem</span> <span class='ocrx_word' id='word_1_111' title='bbox 475 1475 519 1511; x_wconf 88' lang='lat' dir='ltr'>et</span> <span class='ocrx_word' id='word_1_112' title='bbox 541 1465 775 1512; x_wconf 82' lang='lat' dir='ltr'>cautelam</span> <span class='ocrx_word' id='word_1_113' title='bbox 795 1475 1098 1528; x_wconf 84' lang='lat' dir='ltr'>posterorum</span> <span class='ocrx_word' id='word_1_114' title='bbox 1116 1465 1264 1509; x_wconf 90' lang='lat' dir='ltr'>otium</span> <span class='ocrx_word' id='word_1_115' title='bbox 1283 1480 1515 1521; x_wconf 79' lang='lat' dir='ltr'>exercere,</span> <span class='ocrx_word' id='word_1_116' title='bbox 1545 1479 1686 1525; x_wconf 88' lang='lat' dir='ltr'>quam</span> 
     </span>
     <span class='ocr_line' id='line_1_18' title="bbox 272 1542 1683 1604; baseline -0.004 -15"><span class='ocrx_word' id='word_1_117' title='bbox 272 1543 576 1589; x_wconf 83' lang='lat' dir='ltr'>adulatorum</span> <span class='ocrx_word' id='word_1_118' title='bbox 611 1559 765 1598; x_wconf 90' lang='lat' dir='ltr'>more,</span> <span class='ocrx_word' id='word_1_119' title='bbox 804 1543 884 1604; x_wconf 86' lang='lat' dir='ltr'>qui</span> <span class='ocrx_word' id='word_1_120' title='bbox 915 1558 1078 1603; x_wconf 81' lang='lat' dir='ltr'>regum</span> <span class='ocrx_word' id='word_1_121' title='bbox 1105 1551 1149 1586; x_wconf 95' lang='lat' dir='ltr'>et</span> <span class='ocrx_word' id='word_1_122' title='bbox 1183 1542 1451 1604; x_wconf 88' lang='lat' dir='ltr'>principum</span> <span class='ocrx_word' id='word_1_123' title='bbox 1480 1557 1683 1603; x_wconf 80' lang='lat' dir='ltr'>panegy-</span> 
     </span>
     <span class='ocr_line' id='line_1_19' title="bbox 275 1618 1684 1683; baseline -0.003 -18"><span class='ocrx_word' id='word_1_124' title='bbox 275 1621 396 1665; x_wconf 87' lang='lat' dir='ltr'>ricos</span> <span class='ocrx_word' id='word_1_125' title='bbox 432 1619 845 1683; x_wconf 86' lang='lat' dir='ltr'>conscripserunt,</span> <span class='ocrx_word' id='word_1_126' title='bbox 891 1618 1153 1664; x_wconf 78' lang='lat' dir='ltr'>mendaciis</span> <span class='ocrx_word' id='word_1_127' title='bbox 1188 1628 1234 1663; x_wconf 88' lang='lat' dir='ltr'>et</span> <span class='ocrx_word' id='word_1_128' title='bbox 1265 1618 1499 1681; x_wconf 78' lang='lat' dir='ltr'>figmentis</span> <span class='ocrx_word' id='word_1_129' title='bbox 1531 1618 1684 1662; x_wconf 87' lang='lat' dir='ltr'>inten—</span> 
     </span>
     <span class='ocr_line' id='line_1_20' title="bbox 281 1696 411 1742; baseline -0.008 0"><span class='ocrx_word' id='word_1_130' title='bbox 281 1696 411 1742; x_wconf 88' lang='lat' dir='ltr'>dere.</span> 
     </span>
    </p>

    <p class='ocr_par' dir='ltr' id='par_1_3' title="bbox 281 1770 1697 2522">
     <span class='ocr_line' id='line_1_21' title="bbox 346 1770 1689 1836; baseline -0.003 -17"><span class='ocrx_word' id='word_1_131' title='bbox 346 1776 465 1819; x_wconf 88' lang='lat' dir='ltr'>Cum</span> <span class='ocrx_word' id='word_1_132' title='bbox 491 1774 651 1836; x_wconf 84' lang='lat' dir='ltr'>itaque</span> <span class='ocrx_word' id='word_1_133' title='bbox 686 1774 733 1817; x_wconf 88' lang='lat' dir='ltr'>in</span> <span class='ocrx_word' id='word_1_134' title='bbox 766 1774 899 1818; x_wconf 89' lang='lat' dir='ltr'>terris</span> <span class='ocrx_word' id='word_1_135' title='bbox 933 1772 1162 1818; x_wconf 75' lang='lat' dir='ltr'>Flandriae</span> <span class='ocrx_word' id='word_1_136' title='bbox 1196 1781 1241 1817; x_wconf 87' lang='lat' dir='ltr'>et</span> <span class='ocrx_word' id='word_1_137' title='bbox 1272 1771 1530 1817; x_wconf 81' lang='lat' dir='ltr'>Brabantiae</span> <span class='ocrx_word' id='word_1_138' title='bbox 1564 1770 1689 1834; x_wconf 92' lang='lat' dir='ltr'>apud</span> 
     </span>
     <span class='ocr_line' id='line_1_22' title="bbox 281 1848 1685 1912; baseline -0.001 -18"><span class='ocrx_word' id='word_1_139' title='bbox 281 1849 507 1895; x_wconf 85' lang='lat' dir='ltr'>illustrem</span> <span class='ocrx_word' id='word_1_140' title='bbox 526 1849 916 1911; x_wconf 77' lang='lat' dir='ltr'>Burgundionum</span> <span class='ocrx_word' id='word_1_141' title='bbox 936 1849 1125 1907; x_wconf 75' lang='lat' dir='ltr'>ducem,</span> <span class='ocrx_word' id='word_1_142' title='bbox 1147 1848 1431 1912; x_wconf 78' lang='lat' dir='ltr'>Philippum,</span> <span class='ocrx_word' id='word_1_143' title='bbox 1447 1848 1685 1902; x_wconf 84' lang='lat' dir='ltr'>exsistens,</span> 
     </span>
     <span class='ocr_line' id='line_1_23' title="bbox 285 1916 1691 1989; baseline -0.002 -18"><span class='ocrx_word' id='word_1_144' title='bbox 285 1925 343 1971; x_wconf 93' lang='lat' dir='ltr'>de</span> <span class='ocrx_word' id='word_1_145' title='bbox 358 1916 500 1988; x_wconf 82' lang='lat' dir='ltr'>patris</span> <span class='ocrx_word' id='word_1_146' title='bbox 520 1926 789 1989; x_wconf 84' lang='lat' dir='ltr'>gravissima</span> <span class='ocrx_word' id='word_1_147' title='bbox 805 1925 1097 1988; x_wconf 77' lang='lat' dir='ltr'>aegritudine,</span> <span class='ocrx_word' id='word_1_148' title='bbox 1117 1924 1309 1983; x_wconf 77' lang='lat' dir='ltr'>deinde,</span> <span class='ocrx_word' id='word_1_149' title='bbox 1331 1924 1489 1988; x_wconf 88' lang='lat' dir='ltr'>paucis</span> <span class='ocrx_word' id='word_1_150' title='bbox 1510 1923 1691 1968; x_wconf 71' lang='lat' dir='ltr'>effluxis</span> 
     </span>
     <span class='ocr_line' id='line_1_24' title="bbox 287 2001 1692 2066; baseline -0.001 -20"><span class='ocrx_word' id='word_1_151' title='bbox 287 2001 471 2061; x_wconf 82' lang='lat' dir='ltr'>diebus,</span> <span class='ocrx_word' id='word_1_152' title='bbox 501 2003 560 2048; x_wconf 91' lang='lat' dir='ltr'>de</span> <span class='ocrx_word' id='word_1_153' title='bbox 580 2003 712 2048; x_wconf 90' lang='lat' dir='ltr'>obitu</span> <span class='ocrx_word' id='word_1_154' title='bbox 738 2003 879 2048; x_wconf 90' lang='lat' dir='ltr'>etiam</span> <span class='ocrx_word' id='word_1_155' title='bbox 903 2019 986 2066; x_wconf 86' lang='lat' dir='ltr'>per</span> <span class='ocrx_word' id='word_1_156' title='bbox 1010 2002 1161 2047; x_wconf 80' lang='lat' dir='ltr'>varios</span> <span class='ocrx_word' id='word_1_157' title='bbox 1185 2002 1453 2063; x_wconf 85' lang='lat' dir='ltr'>multosque</span> <span class='ocrx_word' id='word_1_158' title='bbox 1477 2016 1692 2045; x_wconf 89' lang='lat' dir='ltr'>cursores</span> 
     </span>
     <span class='ocr_line' id='line_1_25' title="bbox 289 2078 1692 2140; baseline 0 -18"><span class='ocrx_word' id='word_1_159' title='bbox 289 2078 457 2123; x_wconf 86' lang='lat' dir='ltr'>certior</span> <span class='ocrx_word' id='word_1_160' title='bbox 504 2079 650 2125; x_wconf 85' lang='lat' dir='ltr'>factus</span> <span class='ocrx_word' id='word_1_161' title='bbox 700 2083 874 2134; x_wconf 84' lang='lat' dir='ltr'>esset¹,</span> <span class='ocrx_word' id='word_1_162' title='bbox 917 2078 1091 2124; x_wconf 89' lang='lat' dir='ltr'>dubius</span> <span class='ocrx_word' id='word_1_163' title='bbox 1133 2088 1389 2140; x_wconf 85' lang='lat' dir='ltr'>utcumque</span> <span class='ocrx_word' id='word_1_164' title='bbox 1424 2093 1692 2139; x_wconf 86' lang='lat' dir='ltr'>ancepsque</span> 
     </span>
     <span class='ocr_line' id='line_1_26' title="bbox 290 2154 1695 2219; baseline -0.001 -20"><span class='ocrx_word' id='word_1_165' title='bbox 290 2155 449 2199; x_wconf 83' lang='lat' dir='ltr'>animo</span> <span class='ocrx_word' id='word_1_166' title='bbox 487 2156 569 2200; x_wconf 82' lang='lat' dir='ltr'>suit</span> <span class='ocrx_word' id='word_1_167' title='bbox 606 2173 664 2201; x_wconf 87' lang='lat' dir='ltr'>nc</span> <span class='ocrx_word' id='word_1_168' title='bbox 696 2156 813 2202; x_wconf 88' lang='lat' dir='ltr'>forte</span> <span class='ocrx_word' id='word_1_169' title='bbox 839 2173 865 2202; x_wconf 91' lang='lat' dir='ltr'>a</span> <span class='ocrx_word' id='word_1_170' title='bbox 892 2155 1169 2219; x_wconf 84' lang='lat' dir='ltr'>proceribus</span> <span class='ocrx_word' id='word_1_171' title='bbox 1205 2156 1364 2216; x_wconf 82' lang='lat' dir='ltr'>regni,</span> <span class='ocrx_word' id='word_1_172' title='bbox 1404 2154 1570 2216; x_wconf 84' lang='lat' dir='ltr'>hisque</span> <span class='ocrx_word' id='word_1_173' title='bbox 1610 2170 1695 2217; x_wconf 91' lang='lat' dir='ltr'>po-</span> 
     </span>
     <span class='ocr_line' id='line_1_27' title="bbox 293 2231 1693 2296; baseline -0.001 -20"><span class='ocrx_word' id='word_1_174' title='bbox 293 2232 521 2277; x_wconf 82' lang='lat' dir='ltr'>tissimum</span> <span class='ocrx_word' id='word_1_175' title='bbox 559 2233 637 2294; x_wconf 86' lang='lat' dir='ltr'>qui</span> <span class='ocrx_word' id='word_1_176' title='bbox 678 2233 807 2295; x_wconf 88' lang='lat' dir='ltr'>apud</span> <span class='ocrx_word' id='word_1_177' title='bbox 840 2243 1022 2296; x_wconf 87' lang='lat' dir='ltr'>patrem</span> <span class='ocrx_word' id='word_1_178' title='bbox 1059 2249 1196 2277; x_wconf 88' lang='lat' dir='ltr'>suum</span> <span class='ocrx_word' id='word_1_179' title='bbox 1228 2232 1471 2295; x_wconf 81' lang='lat' dir='ltr'>praecipuis</span> <span class='ocrx_word' id='word_1_180' title='bbox 1507 2231 1613 2275; x_wconf 86' lang='lat' dir='ltr'>loco</span> <span class='ocrx_word' id='word_1_181' title='bbox 1651 2240 1693 2275; x_wconf 92' lang='lat' dir='ltr'>et</span> 
     </span>
     <span class='ocr_line' id='line_1_28' title="bbox 291 2308 1695 2369; baseline -0.001 -16"><span class='ocrx_word' id='word_1_182' title='bbox 291 2308 476 2353; x_wconf 88' lang='lat' dir='ltr'>honore</span> <span class='ocrx_word' id='word_1_183' title='bbox 501 2308 709 2365; x_wconf 77' lang='lat' dir='ltr'>fuerant⁷</span> <span class='ocrx_word' id='word_1_184' title='bbox 746 2310 1168 2355; x_wconf 84' lang='lat' dir='ltr'>contradictionem</span> <span class='ocrx_word' id='word_1_185' title='bbox 1210 2308 1615 2369; x_wconf 87' lang='lat' dir='ltr'>resistentiamque</span> <span class='ocrx_word' id='word_1_186' title='bbox 1648 2308 1695 2352; x_wconf 90' lang='lat' dir='ltr'>in</span> 
     </span>
     <span class='ocr_line' id='line_1_29' title="bbox 291 2384 1697 2448; baseline -0.001 -18"><span class='ocrx_word' id='word_1_187' title='bbox 291 2384 606 2430; x_wconf 87' lang='lat' dir='ltr'>nanciscenda</span> <span class='ocrx_word' id='word_1_188' title='bbox 660 2387 787 2445; x_wconf 73' lang='lat' dir='ltr'>regni</span> <span class='ocrx_word' id='word_1_189' title='bbox 846 2386 1137 2448; x_wconf 82' lang='lat' dir='ltr'>possessione</span> <span class='ocrx_word' id='word_1_190' title='bbox 1179 2395 1429 2448; x_wconf 89' lang='lat' dir='ltr'>pateretur.</span> <span class='ocrx_word' id='word_1_191' title='bbox 1484 2384 1697 2430; x_wconf 83' lang='lat' dir='ltr'>Habebat</span> 
     </span>
     <span class='ocr_line' id='line_1_30' title="bbox 292 2461 1697 2522; baseline -0.001 -15"><span class='ocrx_word' id='word_1_192' title='bbox 292 2462 419 2507; x_wconf 89' lang='lat' dir='ltr'>enim</span> <span class='ocrx_word' id='word_1_193' title='bbox 456 2461 643 2506; x_wconf 85' lang='lat' dir='ltr'>fratrem</span> <span class='ocrx_word' id='word_1_194' title='bbox 675 2461 913 2522; x_wconf 88' lang='lat' dir='ltr'>juniorem</span> <span class='ocrx_word' id='word_1_195' title='bbox 938 2480 986 2507; x_wconf 91' lang='lat' dir='ltr'>se</span> <span class='ocrx_word' id='word_1_196' title='bbox 1009 2463 1193 2508; x_wconf 88' lang='lat' dir='ltr'>circiter</span> <span class='ocrx_word' id='word_1_197' title='bbox 1214 2461 1349 2507; x_wconf 88' lang='lat' dir='ltr'>annis</span> <span class='ocrx_word' id='word_1_198' title='bbox 1373 2462 1534 2522; x_wconf 76' lang='lat' dir='ltr'>viginti</span> <span class='ocrx_word' id='word_1_199' title='bbox 1557 2498 1566 2518; x_wconf 90' lang='lat'>‚</span> <span class='ocrx_word' id='word_1_200' title='bbox 1611 2464 1697 2506; x_wconf 87' lang='lat' dir='ltr'>Ca·</span> 
     </span>
    </p>
   </div>
   <div class='ocr_carea' id='block_1_3' title="bbox 297 2629 1698 2752">
    <p class='ocr_par' dir='ltr' id='par_1_4' title="bbox 297 2629 1698 2752">
     <span class='ocr_line' id='line_1_31' title="bbox 351 2629 1698 2690; baseline -0.004 -10"><span class='ocrx_word' id='word_1_201' title='bbox 351 2646 387 2679; x_wconf 81' lang='lat'>1.</span> <span class='ocrx_word' id='word_1_202' title='bbox 421 2645 473 2679; x_wconf 86' lang='lat' dir='ltr'>La</span> <span class='ocrx_word' id='word_1_203' title='bbox 492 2640 669 2678; x_wconf 81' lang='lat' dir='ltr'>nouvelle</span> <span class='ocrx_word' id='word_1_204' title='bbox 691 2640 737 2677; x_wconf 88' lang='lat' dir='ltr'>de</span> <span class='ocrx_word' id='word_1_205' title='bbox 759 2653 797 2677; x_wconf 84' lang='lat' dir='ltr'>sa</span> <span class='ocrx_word' id='word_1_206' title='bbox 819 2648 917 2676; x_wconf 82' lang='lat' dir='ltr'>mort</span> <span class='ocrx_word' id='word_1_207' title='bbox 937 2640 986 2676; x_wconf 91' lang='lat' dir='ltr'>lui</span> <span class='ocrx_word' id='word_1_208' title='bbox 1010 2642 1159 2690; x_wconf 80' lang='lat' dir='ltr'>parvint</span> <span class='ocrx_word' id='word_1_209' title='bbox 1185 2643 1219 2679; x_wconf 91' lang='lat' dir='ltr'>le</span> <span class='ocrx_word' id='word_1_210' title='bbox 1240 2645 1289 2679; x_wconf 66' lang='lat'>24</span> <span class='ocrx_word' id='word_1_211' title='bbox 1309 2641 1451 2688; x_wconf 89' lang='lat' dir='ltr'>juillet,</span> <span class='ocrx_word' id='word_1_212' title='bbox 1472 2654 1519 2678; x_wconf 83' lang='lat' dir='ltr'>au</span> <span class='ocrx_word' id='word_1_213' title='bbox 1541 2629 1698 2677; x_wconf 62' lang='lat' dir='ltr'>chateau</span> 
     </span>
     <span class='ocr_line' id='line_1_32' title="bbox 297 2699 838 2752; baseline -0.004 -12"><span class='ocrx_word' id='word_1_214' title='bbox 297 2702 343 2740; x_wconf 79' lang='lat' dir='ltr'>de</span> <span class='ocrx_word' id='word_1_215' title='bbox 367 2703 548 2752; x_wconf 86' lang='lat' dir='ltr'>Genappe</span> <span class='ocrx_word' id='word_1_216' title='bbox 562 2732 570 2748; x_wconf 94' lang='lat'><strong><em>‚</em></strong></span> <span class='ocrx_word' id='word_1_217' title='bbox 592 2714 638 2738; x_wconf 88' lang='lat' dir='ltr'>en</span> <span class='ocrx_word' id='word_1_218' title='bbox 660 2699 838 2738; x_wconf 85' lang='lat' dir='ltr'>Brabant.</span> 
     </span>
    </p>
   </div>
  </div>
 </body>
</html>
