1923 3020
775 267 919 302 LIBER
947 266 1144 302 PRIMUS.
1638 266 1658 300 5

258 355 355 416 jam
379 353 549 399 debere
570 353 718 398 vereri
749 361 828 398 aut
865 351 1142 410 formidare,
1180 352 1334 397 statim
1361 350 1588 414 quidnam
1615 353 1659 397 in

262 434 361 493 ejus
383 440 517 477 antea
540 431 699 476 animo
718 428 937 486 latuisset,
958 428 1108 491 palam
1131 427 1281 474 facere
1302 439 1345 474 et
1369 429 1662 475 manifestare

262 508 418 570 coepit.
463 510 576 551 Nam
615 505 674 551 ad
711 505 943 568 quosdam
979 504 1177 549 militum
1218 504 1389 562 duces,
1431 505 1509 568 qui
1545 506 1661 568 patri

262 583 498 629 chariores
531 583 801 628 exstiterant
834 582 1022 644 suisque
1056 581 1261 626 consiliis
1290 597 1344 626 ac
1380 581 1663 628 familiarita-

263 659 388 705 tibus
423 658 617 721 propius
662 658 936 715 adfuerant,
974 659 1137 717 ingens
1172 657 1364 716 odium,
1405 658 1533 720 quod
1577 657 1662 703 sub

264 745 450 799 pectore
473 735 602 797 prius
629 744 820 787 texerat,
846 733 1019 778 habere
1043 733 1287 793 indicavit3
1313 743 1358 779 et
1381 751 1487 780 cum
1510 733 1662 781 officia

264 812 308 856 in
350 827 494 871 regno
527 810 700 855 nobilia
739 811 1029 871 militumque
1068 811 1329 872 magisteria
1364 810 1665 874 quamplures

262 885 349 931 sub
377 896 506 949 patre
533 886 827 946 habuissent,
863 886 1131 948 habereque
1165 887 1340 931 meritis
1374 903 1530 932 rerum
1562 904 1586 933 a
1615 904 1663 933 se

261 972 448 1008 strenue
477 979 530 1008 ac
559 962 805 1024 magnifice
836 979 921 1025 pro
953 978 1058 1023 rege
1091 970 1135 1006 et
1167 978 1311 1023 regno
1336 972 1566 1023 gestarum
1593 980 1664 1010 ra-

263 1038 547 1084 tionabiliter
586 1039 888 1096 debuissent,
932 1054 1094 1082 omnes
1133 1054 1263 1101 paene
1307 1038 1402 1082 suis
1447 1038 1664 1101 spoliavit

262 1114 427 1160 officiis
449 1125 587 1177 atque
616 1115 895 1160 honoribus.
930 1114 1191 1159 Nonnullos
1215 1130 1326 1159 vero
1351 1114 1431 1177 qui
1460 1114 1518 1159 ad
1554 1131 1662 1160 eum

262 1191 558 1237 salutandum
578 1191 1011 1254 honorandumque
1032 1190 1365 1247 adventarant,
1392 1206 1487 1235 non
1516 1191 1662 1236 modo

263 1268 419 1314 videre
446 1269 699 1323 recusavit,
741 1268 821 1313 sed
850 1268 923 1313 vel
949 1267 1317 1331 comprehensos
1346 1267 1391 1312 in
1427 1283 1661 1314 carcerem

261 1348 407 1407 misit,
438 1348 507 1393 vel
534 1347 592 1392 acl
616 1345 1119 1410 comprehendendum
1152 1345 1382 1409 deputans
1413 1345 1657 1402 satellites,

260 1425 417 1486 fugam
437 1424 640 1487 arripere
665 1424 815 1484 coegit
839 1432 883 1468 et
907 1421 1122 1468 latebras.

326 1505 526 1547 Fuerant
545 1501 670 1564 apud
696 1511 875 1564 patrem
902 1516 1073 1562 magno
1096 1498 1282 1544 honore
1305 1498 1453 1545 habiti
1480 1499 1661 1546 domini

263 1581 423 1623 Petrus
448 1577 505 1623 de
530 1579 688 1623 Brea*
727 1586 771 1622 et
806 1577 1035 1621 Antonius
1069 1576 1127 1621 de
1159 1575 1459 1634 Clzcelmnnes,
1501 1593 1661 1624 comes

261 1655 318 1700 de
354 1656 687 1716 Damlmzm·tite
720 1670 866 1717 prope
902 1653 1096 1699 Parisios
1111 1655 1139 1712 ²,
1181 1653 1324 1699 duces
1354 1654 1556 1699 militum
1596 1653 1661 1701 fa·

261 1733 379 1778 mosi
414 1742 459 1777 et
492 1749 695 1794 quorum
727 1732 771 1776 in
806 1731 943 1776 variis
972 1730 1138 1794 praeliis
1161 1730 1411 1776 adversum
1446 1731 1661 1792 Anglicos

260 1818 501 1872 comperta
526 1808 702 1871 optime
725 1818 769 1853 et
794 1807 992 1871 probata
1021 1808 1205 1853 fuerant
1239 1808 1385 1853 virtus
1421 1817 1557 1870 atque
1591 1808 1659 1853 in-

260 1886 454 1931 dustria.
495 1886 626 1929 Prior
657 1894 812 1929 autem
848 1885 985 1930 etiam
1019 1893 1116 1929 erat
1148 1883 1430 1929 senescallus
1464 1899 1661 1946 magnus

261 1964 574 2008 Normanniae.
604 1962 660 2005 Hi
684 1961 779 2005 duo
807 1961 944 2006 minis
978 1960 1118 2022 hujus
1148 1960 1259 2005 novi
1294 1960 1412 2022 regis
1442 1969 1485 2005 et
1515 1959 1660 2006 male-

262 2040 467 2086 volentia
490 2054 630 2101 quam
663 2054 710 2082 se
734 2038 791 2083 ad
818 2038 1008 2083 eosdem
1032 2037 1206 2083 habere
1237 2037 1389 2100 palam
1424 2037 1657 2094 ostendit,

262 2117 378 2162 adeo
399 2116 585 2161 fuerunt
602 2114 826 2171 deterriti,
847 2124 892 2159 ut
910 2115 1083 2176 sugam,
1107 2113 1166 2160 ad
1184 2113 1502 2177 effugiendum
1519 2115 1663 2178 ipsius

262 2192 600 2254 indignationis
635 2191 884 2247 saevitIam,
932 2191 1136 2254 arripere
1175 2199 1283 2235 sunt
1322 2191 1568 2254 compulsi.
1609 2194 1663 2237 Et

263 2270 401 2316 alter³
433 2268 624 2332 quidem
663 2268 802 2314 etiam
839 2268 967 2329 regni
1003 2267 1119 2312 fines
1151 2267 1370 2323 excessit;
1411 2268 1525 2313 alter
1552 2284 1662 2314 vero

263 2348 308 2391 in
337 2346 643 2403 Normannia,
662 2345 707 2389 in
732 2344 864 2406 cujus
888 2343 1292 2390 administratione
1314 2344 1664 2408 quamplurium

317 2493 352 2527 1.
386 2489 516 2526 Pierre
540 2488 586 2524 de
611 2487 740 2532 Bri-71³,
763 2487 940 2537 seigneur
959 2486 1006 2524 de
1025 2487 1058 2524 la
1079 2490 1269 2533 Vamnne,
1291 2501 1336 2526 en
1358 2489 1496 2536 Anjou.

315 2551 352 2586 Ξ.
389 2567 404 2581 =‹
426 2549 589 2585 Antoine
610 2547 656 2583 de
674 2546 912 2594 Chabannes,
928 2556 1050 2584 comte
1066 2546 1113 2584 de
1132 2548 1384 2594 Dammartin,
1401 2550 1487 2598 pres
1502 2547 1625 2591 Paris;
1646 2564 1663 2580 ιι

261 2622 302 2645 ce
323 2608 387 2657 qui
410 2620 458 2644 ne
478 2616 568 2643 veut
591 2620 657 2656 pas
686 2607 766 2643 dire
796 2620 868 2655 que
897 2620 939 2643 ee
971 2607 1148 2657 seigneur
1177 2608 1228 2644 ait
1259 2617 1468 2658 appartenu
1502 2619 1569 2657 par
1597 2619 1665 2643 son

263 2667 408 2718 origine
429 2669 448 2702 ἐι
469 2666 503 2703 la
524 2665 698 2702 noblesse
719 2665 765 2702 de
791 2666 1127 2703 l’tle-de-Franee.
1154 2667 1185 2703 Il
1211 2667 1300 2703 etait
1318 2666 1369 2703 du
1390 2665 1664 2703 Beurbonnais.

323 2730 357 2763 3.
392 2726 556 2762 Antoine
578 2725 624 2761 de
643 2724 878 2762 Chabannes.
