1923 3020
267 222 315 257 62
624 216 960 254 HISTORIARUM
988 215 1223 253 LUDOVICI
1249 218 1304 253 XI

263 309 400 353 etiam
434 306 578 368 ipsius
609 303 736 349 urbis
766 301 1042 355 fatentibus,
1078 303 1192 364 quin
1227 302 1444 348 eamdem
1477 303 1552 348 vel
1582 320 1659 348 ex-

265 390 565 447 pugnassent,
592 382 665 425 vel
687 380 745 425 ad
767 379 1057 425 deditionem
1080 377 1342 424 faciendam
1366 378 1485 424 infra
1508 378 1663 424 brevis

263 457 485 522 temporis
512 473 667 503 moras
690 456 1089 501 constrinxissent.
1125 454 1217 500 Sed
1241 471 1350 500 cum
1375 455 1439 501 eis
1464 465 1663 518 utraque

263 537 499 593 deessent,
531 551 617 580 nec
645 534 819 580 valeret
849 549 928 578 rex
962 533 1057 596 ipse
1087 533 1134 577 in
1165 533 1357 596 propria
1385 543 1530 590 terra,
1561 549 1664 595 quae

263 612 370 657 satis
393 611 452 656 de
476 627 525 656 se
549 610 679 656 arida
702 619 787 669 est,
813 619 859 654 et
877 609 976 670 jam
999 625 1025 654 a
1050 609 1185 654 variis
1209 619 1496 654 armatorum
1520 609 1664 671 agmi-

264 688 400 734 nibus
427 703 562 733 exesa
588 697 632 732 et
657 695 831 732 vastata
855 695 973 744 erat,
1003 686 1222 730 exercitui
1245 702 1483 732 annonam
1504 701 1663 731 neees-

264 766 434 811 sariam
459 764 739 820 ministrare,
768 762 918 808 eoacti
941 771 1050 807 sunt
1075 761 1375 808 obsidionem
1399 763 1596 821 solvere,
1621 772 1665 808 et

264 842 323 888 ad
343 841 431 887 alia
452 842 579 898 loca,
605 855 707 902 quae
730 855 829 885 non
852 837 971 884 adeo
995 854 1131 884 exesa
1155 849 1331 897 essent,
1358 855 1406 885 se
1430 838 1660 885 conferre.

691 1048 1028 1093 CAPITULUM
1063 1048 1223 1090 XVIII.

266 1184 455 1228 Quomodo
480 1184 604 1217 Franci
628 1190 877 1228 recuperarunt
901 1182 1158 1225 Terragonam3
1181 1179 1406 1225 postmodum
1421 1208 1429 1222 ,
1458 1180 1503 1214 ad
1525 1182 1666 1228 propria

313 1237 458 1279 reversi,
477 1235 521 1269 ad
542 1234 762 1268 liberandum
783 1245 896 1266 arcem
921 1233 1121 1277 Perpiniani
1145 1233 1317 1265 obsessam
1342 1232 1538 1274 redierunt;
1561 1246 1669 1279 eaque

315 1291 455 1323 liberata
473 1298 504 1322 et
520 1288 653 1334 oppido
674 1295 813 1333 recepto
831 1298 909 1319 cum
926 1294 999 1318 toto
1018 1286 1183 1318 comitatu
1198 1285 1400 1319 Rossilionis
1423 1295 1454 1320 et
1470 1287 1667 1329 Ceritaniae,

316 1344 529 1376 Francorum
547 1354 606 1375 rex
631 1341 723 1386 ipsos
747 1339 933 1374 comitatus
950 1365 958 1379 ‚
985 1347 1148 1383 tanquam
1177 1338 1241 1372 sibi
1269 1339 1476 1384 acquisitos,
1504 1339 1613 1373 tenuit
1637 1346 1669 1371 et

315 1395 478 1441 possedit.

334 1519 573 1561 Venerunt
592 1515 731 1576 igitur
751 1512 809 1559 ad
827 1513 1062 1558 civitatem
1080 1514 1504 1573 Terragonensem3
1528 1527 1669 1574 quam

271 1595 428 1657 paucis
447 1592 717 1638 obsidentes
735 1589 921 1646 diebus,
944 1588 1113 1651 partim
1132 1589 1193 1645 vi,
1218 1589 1389 1651 partim
1407 1598 1452 1633 et
1472 1588 1667 1648 ditione,

271 1671 356 1716 sub
377 1671 494 1731 regis
515 1670 586 1714 sui
611 1672 878 1729 Aragonum
898 1674 1178 1729 potestatem
1202 1664 1499 1727 redegerunt.
1525 1667 1672 1729 Cepe-

271 1757 380 1792 runt
406 1756 561 1791 autem
587 1755 631 1791 et
655 1752 983 1807 expugnarm'it
1008 1759 1157 1805 prope
1186 1742 1495 1787 Barcinonam
1517 1757 1672 1787 arcem

273 1823 583 1868 firmissimam
626 1819 891 1875 Moncadae,
934 1818 980 1862 in
1023 1818 1196 1862 vertice
1237 1817 1446 1862 altissimi
1492 1817 1671 1879 scopuli

272 1901 421 1945 sitam.
453 1898 595 1944 Multa
617 1898 758 1942 etiam
784 1894 959 1959 oppida
983 1904 1029 1939 et
1051 1893 1260 1952 castella,
1296 1908 1672 1956 quaquaversum

274 1978 499 2022 exercitus
515 1975 759 2030 circuibat,
782 1973 952 2037 partim
975 1972 1132 2028 armis,
1152 1972 1322 2035 partim
1344 1987 1516 2035 pavore
1533 1980 1672 2033 atque

276 2064 423 2112 metu,
451 2052 661 2113 ejusdem
685 2051 805 2113 regis
830 2049 998 2095 ditioni
1025 2049 1342 2094 restituerunt.
1369 2047 1490 2093 Fessi
1515 2057 1672 2093 antem

274 2139 319 2174 et
354 2129 587 2189 defatigati
627 2127 816 2182 milites,
853 2125 1084 2188 praecipue
1115 2123 1245 2185 quod
1284 2124 1453 2169 multos
1487 2122 1546 2168 de
1579 2124 1674 2168 suis

275 2207 406 2268 equis
433 2204 589 2268 pabuli
616 2203 878 2248 desectione
901 2202 1209 2262 calorumque
1233 2210 1277 2245 et
1303 2200 1418 2245 aeris
1444 2200 1674 2263 intempe-

276 2284 340 2329 rie
379 2281 713 2345 perdidissent,
752 2296 833 2342 per
865 2288 1009 2323 terras
1042 2278 1285 2338 Aragoniae
1316 2276 1376 2321 ad
1410 2285 1553 2321 terras
1591 2293 1671 2321 co-

278 2360 400 2405 mitis
417 2358 474 2403 de
490 2360 653 2412 Fuxsst,
673 2356 752 2417 qni
771 2372 892 2399 unus
910 2354 1170 2416 praecipuus
1189 2370 1243 2398 ex
1259 2352 1456 2398 ducibus
1474 2353 1673 2398 militum

278 2446 375 2482 erat
402 2438 712 2489 Francorum,
744 2432 865 2476 circa
896 2430 1039 2475 finem
1064 2430 1254 2488 testatis,
1281 2438 1326 2474 et
1351 2428 1460 2474 inde
1484 2429 1530 2474 in
1558 2429 1673 2475 ulte·

333 2582 369 2615 ’1.
401 2582 515 2620 Jean,
545 2585 666 2613 comte
690 2574 736 2611 (le
761 2574 879 2619 Foix,
910 2573 1117 2610 licutenant
1141 2573 1290 2623 general
1318 2572 1368 2610 du
1391 2573 1448 2609 roi
1473 2574 1494 2608 a
1522 2571 1674 2608 l’armee

280 2640 326 2675 de
339 2638 555 2689 Catalogne.
584 2639 659 2674 Son
678 2634 799 2671 comte
821 2632 867 2669 de
890 2633 983 2669 Foix
1004 2633 1205 2681 repondait
1224 2636 1242 2670 a
1263 2647 1337 2683 peu
1356 2634 1442 2684 pres
1462 2645 1509 2669 au
1532 2631 1672 2682 depar—

283 2705 423 2734 tement
444 2694 564 2734 actuel
583 2694 630 2730 de
650 2692 828 2741 l’Ariege.
