1923 3020
755 277 898 312 LIBER
925 275 1120 311 PRIMUS.
1591 273 1604 306 ¹
1619 273 1638 307 3

244 362 425 427 cipibus
444 372 489 408 et
507 361 747 408 nobilibus
764 362 810 407 in
841 361 940 423 ipsa
966 362 1221 405 Remorum
1242 358 1425 402 civitate
1449 372 1642 402 manen-

244 440 392 497 tibus,
431 456 588 485 versus
615 439 895 484 Parisiorum
928 436 1093 481 urbem
1133 445 1177 480 et
1208 434 1642 495 Sanctum-Diony—

243 519 361 563 sium
394 517 480 561 iter
515 517 708 580 accepit.
748 519 835 560 lter
872 531 980 559 vero
1013 514 1184 558 faciens
1220 528 1304 575 per
1337 512 1639 556 Suessionum

242 594 503 649 civitatem,
539 603 583 638 et
612 609 746 654 agros
779 591 988 653 ejusdem
1022 607 1076 635 ex
1107 588 1343 634 veteribus
1368 603 1641 650 guerrarum

242 669 582 715 calamitatibus
607 669 742 714 valde
774 667 1012 729 squalidos
1048 666 1292 711 inveniens
1322 681 1376 710 ac
1407 664 1637 721 desertos,

243 745 301 790 ad
325 745 492 790 vallem
518 748 734 791 Maternae
756 744 959 789 fluminis
981 742 1361 803 Meldensemque
1386 741 1638 798 civitatem,

243 821 351 867 inde
376 838 485 866 vero
507 821 566 866 ad
591 819 1113 880 Sanctum-Dionysium
1139 819 1224 862 iter
1245 818 1436 862 inflexit.
1466 820 1572 872 Quo
1594 819 1641 863 in

241 898 346 943 loco
385 898 630 953 exsistens,
674 897 815 960 patris
855 895 924 940 sui
965 893 1265 956 sepulchrum
1283 932 1293 948 ‚
1341 893 1472 938 nullo
1513 910 1642 957 paene

241 975 455 1037 impenso
480 974 685 1029 honore,
715 972 939 1035 inspexit;
980 970 1061 1015 sed
1094 979 1138 1014 et
1166 986 1262 1013 non
1298 986 1465 1031 parum
1499 971 1642 1033 ipsius

243 1050 557 1095 venerabilem
591 1049 868 1094 memoriam
894 1063 981 1092 nec
1007 1045 1309 1090 mediocriter
1342 1054 1489 1090 totam
1514 1047 1642 1107 regni

242 1125 574 1172 acDellinatus
597 1125 849 1170 Ecclesiam
874 1122 1131 1168 infamavit.

308 1207 414 1249 Erat
438 1205 483 1248 in
510 1204 607 1264 ejus
629 1204 855 1248 comitatu
880 1200 1069 1263 quidam
1098 1198 1236 1244 Italus
1252 1235 1262 1255 ‚
1293 1198 1542 1261 episcopus
1568 1201 1642 1243 ln—

243 1281 587 1334 teramnensis¹,
622 1280 688 1324 Pii
711 1280 869 1342 papae²
892 1286 1090 1323 assertus
1115 1276 1291 1337 legatus
1315 1292 1395 1320 seu
1421 1276 1638 1332 nuntius,

243 1359 321 1421 qui
342 1357 482 1420 paulo
504 1366 610 1401 ante
635 1357 680 1401 in
703 1372 846 1418 regno
873 1353 1042 1416 Angliae
1065 1351 1225 1397 turbas
1249 1353 1536 1415 populorum
1560 1353 1643 1398 ad-

244 1451 401 1480 versus
424 1435 676 1479 Heni-icum
699 1449 879 1495 regem,
914 1433 961 1476 in
994 1431 1200 1476 savorem
1234 1431 1436 1493 partium
1463 1429 1644 1476 Ebora-

242 1512 390 1557 censis
426 1511 579 1567 ducis,
614 1509 1017 1555 vehementissime
1044 1508 1281 1552 excitarat.
1318 1510 1359 1551 ls
1383 1523 1490 1551 cum
1517 1507 1642 1570 apud

245 1597 605 1633 monumentum
641 1586 806 1648 optimi
835 1584 1018 1641 Caroli,
1059 1599 1209 1646 nuper
1245 1582 1452 1628 defuncti
1488 1584 1607 1646 regis
1629 1621 1639 1640 ,

242 1664 466 1723 adstaret,
494 1663 789 1724 suggestione
825 1660 1165 1722 quorumdam,
1198 1660 1279 1722 qui
1316 1660 1396 1704 Pio
1431 1659 1643 1722 pontifici

243 1741 431 1802 regique
456 1741 610 1802 potius
630 1754 754 1783 novo
778 1737 979 1783 blandiri
999 1746 1244 1800 cuperent,
1264 1736 1351 1799 ipsi
1368 1737 1538 1782 Carolo
1562 1736 1642 1782 de-

243 1816 402 1861 functo
423 1815 666 1876 cujusdam
684 1813 994 1860 absolutionis
1015 1814 1212 1858 formam
1234 1812 1506 1875 impendere
1527 1829 1643 1875 prae-

243 1893 463 1955 sumpsit,
492 1894 621 1954 quasi
646 1908 841 1936 censura
864 1892 1030 1952 ligatus
1057 1890 1559 1935 excommunicationis
1583 1890 1642 1936 ab

243 1969 335 2015 hoc
352 1969 519 2014 saeculo
542 1968 840 2024 transitisset,
863 1967 925 2012 ob
944 1983 1047 2012 eam
1065 1966 1282 2012 videlicet
1301 1982 1489 2011 causam
1512 1968 1643 2029 quod

244 2046 428 2091 decreta
460 2055 728 2090 sanctorum
767 2047 952 2088 Patrum
973 2080 984 2101 ‚
1019 2044 1083 2087 eis
1108 2043 1296 2104 adjutor
1320 2042 1642 2107 benignusque

246 2123 399 2169 fautor
425 2123 662 2179 exsistens,
689 2121 859 2165 serrari
884 2120 929 2164 in
958 2136 1100 2181 regno
1126 2135 1212 2164 suo
1237 2120 1294 2165 de
1320 2120 1541 2177 consilio,
1571 2138 1642 2167 as-

243 2217 383 2246 sensu
407 2217 459 2247 ac
485 2199 725 2244 voluntate
757 2198 946 2259 majoris
986 2214 1040 2243 ac
1077 2197 1274 2242 sanioris
1311 2199 1453 2260 partis
1484 2201 1645 2262 precla-

246 2286 400 2322 torum
433 2287 476 2322 et
512 2276 621 2322 cleri
650 2274 792 2320 totius
828 2273 1062 2334 gallicanae
1101 2273 1336 2331 Ecclesiae,
1376 2275 1642 2339 principum

298 2465 332 2500 ⁴1,
369 2464 592 2497 Nanniensis
613 2458 705 2494 (lans
736 2457 770 2493 le
791 2469 858 2492 nis.
876 2487 882 2501 ,
907 2455 998 2491 mais
1018 2467 1087 2504 par
1106 2467 1252 2491 crreur.
1279 2455 1305 2491 ll
1328 2456 1436 2506 s'agit
1455 2456 1501 2493 (le
1522 2459 1643 2493 Fran-

243 2532 350 2556 cesco
371 2519 524 2569 (Lupini,
552 2520 697 2565 echne
725 2516 770 2552 (le
789 2515 915 2561 Tei-ni,
939 2514 1026 2564 qui,
1049 2527 1196 2550 comme
1216 2515 1250 2551 le
1271 2515 1324 2550 ‹lit
1347 2516 1521 2559 l'autvur,
1545 2517 1644 2554 avait

245 2578 359 2615 abiise
387 2578 432 2614 (le
462 2591 518 2613 scs
540 2576 719 2626 ponx'oirs
745 2575 791 2610 (lc
819 2574 916 2624 legat
942 2587 1037 2622 pour
1059 2573 1242 2610 l'avoriser
1267 2574 1300 2610 la
1322 2575 1459 2611 faction
1483 2575 1640 2622 d'York‚

245 2653 290 2675 en
308 2637 540 2687 Angli-terre.
564 2639 664 2671 (jour
685 2634 861 2670 contlnite
887 2633 919 2669 le
942 2635 977 2668 tit
996 2632 1156 2682 deposci·
1173 2635 1192 2668 a
1213 2646 1279 2668 son
1302 2642 1430 2669 retour
1451 2647 1494 2670 en
1518 2635 1637 2673 Italie.

246 2696 444 2747 Raynaltli,
462 2697 625 2730 Annales
645 2696 790 2736 eccles„
813 2700 839 2726 t.
857 2693 941 2735 VII,
967 2704 1004 2739 p.
1031 2693 1095 2734 (38,
1119 2693 1132 2726 ‘i
1144 2693 1208 2734 22,
1234 2693 1322 2728 ¹123.

300 2759 335 2793 Ξ.
370 2758 420 2791 Le
442 2767 538 2804 pape
560 2752 624 2788 Pie
644 2754 693 2788 11.
