1923 3020
682 268 826 303 LIBER
856 267 1120 304 SECUNDUS.
1533 268 1608 304 129

204 355 341 399 tutari
389 364 532 416 atque
589 353 877 412 defendere,
926 363 1020 400 tam
1061 362 1225 399 contra
1264 370 1419 417 regem
1460 370 1604 417 quam

203 432 347 476 alium
385 448 738 494 quemcumque
770 432 849 494 qui
890 448 970 477 eos
1009 432 1234 495 impetere
1266 431 1338 477 vel
1374 431 1606 478 ullatenus

205 509 451 553 molestare
488 526 569 554 seu
607 509 865 571 inquietare
899 508 1055 566 vellet,
1093 508 1413 554 deliberarunt
1450 509 1604 572 ipsum

205 601 312 629 cum
344 593 441 629 toto
476 585 701 630 comitatu
736 602 822 629 suo
850 585 969 630 intra
994 585 1158 630 urbem
1185 586 1418 648 recipere,
1447 595 1493 630 et
1514 585 1604 630 do-

205 661 334 705 mino
370 660 541 705 Carolo
576 662 621 705 in
659 662 756 723 ejus
786 677 1019 722 persona,
1059 670 1284 724 tanquam
1310 662 1455 724 ipsius
1479 662 1604 706 vices

205 738 425 800 gerentis,
456 736 688 783 fidelitatis
714 747 928 801 praestare
947 737 1215 798 juramenta
1242 758 1250 784 :
1286 738 1605 801 quemadmo-

204 813 319 858 dum
345 823 390 858 et
415 813 641 859 fecerunt.
678 817 844 876 Magna
874 814 935 858 eis
968 813 1143 876 quippe
1175 815 1475 876 ingerebatur
1503 832 1608 878 spes

205 889 264 935 de
301 906 474 952 magno
510 890 641 935 bono
679 900 723 936 et
752 891 818 935 rei
844 888 1042 953 publicae
1066 890 1208 935 totius
1234 892 1364 953 regni
1388 892 1604 954 perutili,

205 965 334 1027 quod
369 967 639 1030 principum
679 967 809 1029 regni
845 965 1105 1011 solemnem
1151 966 1284 1012 illum
1321 978 1609 1013 conventum

204 1042 454 1089 allaturum
474 1043 767 1107 jactitabant.
805 1046 918 1099 Quae
948 1059 1019 1087 res
1044 1042 1103 1087 ad
1127 1052 1221 1089 tam
1246 1043 1376 1089 facile
1406 1061 1505 1090 sese
1531 1045 1611 1090 de-

206 1119 417 1164 dendum
450 1136 531 1165 eos
570 1119 787 1177 adduxit3
822 1118 959 1163 simul
983 1118 1121 1164 etiam
1145 1119 1274 1180 quod
1291 1157 1302 1179 โท
1331 1136 1385 1165 ex
1411 1119 1483 1165 his
1508 1137 1611 1182 quae

205 1196 536 1259 experimentis
560 1196 717 1241 multis
737 1194 1070 1258 probaverant,
1099 1194 1157 1240 de
1181 1194 1322 1240 rebus
1345 1213 1428 1258 per
1453 1213 1610 1257 regem

207 1273 372 1333 gestis,
412 1272 551 1318 talem
576 1273 634 1318 de
659 1290 714 1318 eo
746 1273 890 1317 ferme
915 1288 1077 1317 omnes
1103 1282 1382 1336 acceperant
1411 1274 1612 1319 aestima-

208 1350 411 1407 tionem,
451 1349 582 1412 quod
615 1349 701 1395 sub
720 1349 906 1394 alterius
925 1365 1065 1393 manu
1088 1348 1308 1394 devenire
1329 1365 1416 1412 pro
1442 1365 1614 1411 magna

208 1424 421 1471 felicitate
457 1425 727 1485 ducebant,
766 1424 912 1470 modo
938 1424 1037 1470 talis
1062 1425 1180 1471 foret
1199 1427 1279 1489 qui
1303 1435 1468 1472 contra
1492 1427 1612 1488 regis

209 1502 413 1566 impetus
436 1512 680 1566 protegere
704 1519 784 1548 eos
805 1512 850 1548 et
872 1502 1132 1548 incolumes
1151 1519 1337 1549 servare
1360 1503 1607 1566 potuisset.

210 1582 243 1623 E
268 1580 452 1626 diverso
477 1597 588 1626 vero
617 1579 867 1625 dominnm
892 1580 1129 1640 Carolum7
1159 1590 1352 1644 propter
1375 1581 1611 1642 egregiam

209 1656 351 1719 ipsius
372 1657 583 1702 indolem
602 1666 741 1719 atque
761 1657 972 1715 virtutes,
999 1673 1101 1718 quae
1120 1673 1146 1702 a
1166 1658 1348 1703 cunctis
1368 1657 1616 1720 regnicolis

210 1735 390 1795 magnis
419 1732 762 1780 extollebantur
784 1732 1026 1791 laudibus,
1054 1734 1313 1794 plurimum
1338 1733 1611 1797 diligebant,

209 1819 256 1855 et
289 1810 431 1856 talem
466 1827 513 1856 se
550 1819 786 1856 assecutos
821 1819 1052 1856 rectorem
1095 1827 1149 1856 ac
1188 1810 1439 1857 dominum
1474 1810 1616 1856 vehe-

213 1897 395 1933 menter
423 1887 734 1934 exsultabant.

663 2090 1000 2134 CAPITULUM
1034 2091 1153 2133 VIII.

211 2227 261 2261 De
279 2227 460 2273 eruptione
484 2225 729 2260 Leodiensium
757 2224 802 2258 ad
820 2238 933 2267 arma,
964 2238 1025 2270 per
1046 2238 1160 2271 regem
1187 2223 1440 2258 concitatorum
1458 2222 1493 2255 in
1510 2232 1617 2258 terras

259 2280 357 2313 ducis
376 2278 606 2325 Burgundiae3
625 2287 656 2311 et
674 2278 839 2312 conviciis
862 2290 900 2311 ac
927 2278 1064 2324 probris
1088 2290 1162 2323 quae
1179 2278 1214 2310 in
1233 2288 1311 2310 eum
1329 2284 1360 2309 et
1384 2287 1463 2308 suos
1479 2276 1616 2322 jactita-

258 2336 342 2369 bant
364 2336 387 2371 ยน.

278 2452 560 2514 Rotbomagi
577 2467 688 2497 vero
712 2450 1002 2495 deditionem
1029 2450 1162 2511 (quae
1186 2447 1328 2493 totius
1350 2456 1418 2492 est
1442 2457 1616 2492 metro-

214 2529 334 2593 polis
366 2539 412 2574 et
444 2527 568 2574 velut
600 2536 749 2572 mater
781 2525 1063 2589 provinciae)
1100 2524 1241 2569 etiam
1273 2523 1472 2568 aliorum
1509 2524 1617 2586 plu-

213 2607 333 2653 rium
356 2605 642 2670 oppidorum
658 2613 798 2666 atque
820 2603 1060 2648 civitatum
1081 2601 1239 2665 patria?
1265 2600 1442 2646 deditio
1461 2610 1616 2646 secuta

268 2745 303 2781 1.
335 2742 513 2793 Chapitre
538 2740 667 2791 public
691 2739 784 2776 dans
804 2737 1074 2786 l'Amplissima
1095 2737 1275 2782 collectio,
1299 2742 1324 2772 t.
1348 2735 1412 2781 IV,
1431 2733 1503 2770 col.
1529 2737 1617 2773 742.

428 2827 462 2850 11
1390 2808 1411 2840 9
