1923 3020
286 286 359 321 376
637 277 972 315 HISTORIARUM
999 275 1232 310 IUDOVICI
1259 276 1313 310 XI

286 372 486 434 plateam
511 368 680 412 scilicet
708 380 810 425 quae
838 362 1247 407 Sancti-Johannis
1279 361 1324 406 in
1349 361 1518 406 Gravia
1544 361 1680 421 vulgo

287 444 622 507 nuncupatur¹.
659 444 767 485 Erat
795 449 952 484 autem
978 438 1069 483 illic
1092 438 1216 484 velut
1235 437 1435 483 tribunal
1462 453 1682 498 magnum

285 534 327 568 et
353 522 498 566 altum
522 518 567 562 in
595 515 752 560 medio
775 524 1059 560 exstructum
1085 525 1127 559 ct
1153 524 1358 559 erectum
1385 531 1493 559 cum
1526 512 1684 575 gradi-

287 597 399 649 bus,
427 603 475 638 ut
502 591 561 637 ad
586 591 730 653 ipsius
753 590 938 636 culmen
960 589 1281 649 scandet-etur,
1306 590 1415 635 satis
1441 587 1686 651 magnifice

285 672 343 716 de
372 670 499 731 ligno
524 666 817 712 fabricatum.
848 667 1017 711 Pannis
1047 666 1238 728 quidem
1270 666 1328 711 de
1360 667 1517 712 veluto
1552 666 1686 727 nigro

286 748 348 792 ita
377 745 577 790 velatum
606 744 919 804 vestitumque
945 753 1059 798 erat,
1094 752 1142 787 ut
1175 743 1328 805 lignea
1355 743 1573 788 machina
1597 742 1687 786 mi-

285 824 411 867 nime
435 829 724 866 cerneretur.

352 902 468 945 Cum
495 898 634 960 igitur
662 896 721 942 ad
752 913 992 941 summurn
1022 913 1172 959 usque
1197 895 1391 958 hujusce
1416 895 1515 940 aitae
1540 903 1688 939 struc-

287 987 429 1031 turae,
457 991 564 1020 cum
592 974 670 1030 iis,
704 973 783 1036 qui
815 990 922 1018 euni
957 972 1275 1028 adduxerant,
1301 970 1686 1026 conscendisseff,

288 1053 406 1098 lecta
439 1061 506 1096 est
539 1050 726 1113 publice
758 1049 988 1094 consessio
1020 1058 1065 1093 et
1093 1049 1430 1094 condemnatio
1455 1049 1581 1109 ejus,
1609 1063 1691 1093 au-

289 1127 526 1174 dientibus
573 1126 778 1183 cunctis,
826 1125 905 1187 qui
952 1126 1144 1187 propius
1183 1124 1368 1169 adstare
1411 1123 1686 1185 potuissent.

292 1207 408 1249 Nam
436 1203 495 1249 ad
526 1202 842 1266 spectaculum
873 1201 1229 1256 contuendum,
1253 1200 1328 1244 cui
1355 1199 1504 1244 simile
1538 1198 1694 1243 multis

293 1291 417 1326 retro
457 1279 665 1326 aetatibus
699 1279 890 1323 minime
920 1279 1070 1323 visum
1094 1295 1175 1323 seu
1199 1277 1414 1323 auditum
1440 1275 1691 1331 ferebatur,

293 1356 647 1402 innumerabilis
668 1371 799 1418 paene
817 1355 971 1399 omnis
989 1354 1186 1411 ordinis,
1207 1355 1350 1400 aetatis
1370 1363 1414 1399 et
1432 1370 1567 1398 sexus
1584 1353 1698 1398 mul-

295 1434 446 1479 titudo
482 1441 801 1478 concurrerat.
832 1434 895 1476 Ea
920 1442 1077 1477 autem
1113 1448 1195 1477 sua
1218 1431 1447 1476 sententia
1475 1447 1530 1475 ex
1561 1430 1699 1492 gestis

297 1511 494 1574 publicis
520 1510 731 1566 recitata,
764 1508 904 1553 veluti
927 1518 1280 1564 exauctoratus,
1309 1506 1529 1552 omnibus
1558 1505 1698 1551 officii

298 1587 509 1647 insigniis
539 1603 621 1648 per
651 1602 759 1630 eum
791 1585 1123 1642 administrati,
1154 1583 1315 1629 monili
1345 1584 1485 1628 etiam
1519 1583 1699 1643 torquis

299 1680 472 1716 aureae,
508 1679 599 1725 qua
640 1679 715 1707 rex
754 1678 861 1706 eum
899 1661 1248 1722 insigniendum
1286 1661 1507 1717 duxerat,
1548 1658 1698 1703 nuda-

302 1750 374 1785 tus
400 1750 483 1785 est.

366 1821 421 1862 Et
444 1833 671 1879 eousque,
700 1816 766 1860 uti
790 1814 994 1872 aiebant,
1022 1815 1178 1860 adhuc
1202 1815 1260 1860 de
1284 1812 1618 1875 consequenda
1637 1829 1705 1858 re-

301 1896 368 1957 gis
391 1895 535 1957 gratia
562 1910 658 1938 non
689 1892 982 1955 desperarat,
1012 1893 1126 1955 quin
1167 1891 1282 1949 sibi,
1315 1891 1480 1936 talibus
1507 1889 1705 1951 ignomi-

303 1973 380 2018 nia
405 1982 450 2017 et
473 1970 647 2035 probro
674 1986 819 2032 usque
842 1969 901 2014 ad
926 1970 973 2015 id
996 1969 1180 2024 affecto,
1202 1968 1506 2025 satisfactum,
1529 1965 1705 2027 absque

305 2050 520 2114 supplicii
546 2047 974 2105 consummatione,
1002 2046 1301 2092 confide1·et³.
1334 2048 1505 2090 Verum
1533 2058 1640 2088 cum
1659 2058 1706 2086 se

308 2127 369 2171 ita
389 2135 740 2172 exauctoratum
761 2134 807 2169 et
824 2124 955 2169 omni
976 2124 1227 2186 spoliatum
1247 2121 1428 2167 honore
1451 2119 1703 2183 prospexit,

303 2202 399 2263 jam
426 2202 550 2247 nulla
577 2201 663 2247 sibi
687 2201 745 2247 de
763 2199 1099 2262 consequenda
1122 2200 1257 2244 venia
1281 2215 1386 2262 spes
1407 2196 1629 2242 remansit
1646 2194 1710 2239 ul-

312 2277 479 2332 teriu53
508 2277 586 2321 scd
614 2277 672 2322 de
709 2276 979 2339 temporalis
1011 2276 1113 2320 vitae
1149 2273 1481 2338 prorogatione
1517 2286 1710 2335 prorsus

367 2452 401 2487 1.
435 2450 613 2485 L’auteur
633 2448 796 2484 confond
818 2448 864 2484 ici
884 2447 918 2484 la
939 2448 1045 2497 place
1067 2446 1113 2484 de
1131 2446 1271 2491 (ὴὲ-νο,
1291 2444 1409 2481 situee
1424 2443 1562 2480 devant
1582 2442 1710 2479 l'hotel
1736 2483 1742 2487 .

313 2509 359 2545 de
379 2507 468 2544 ville
482 2537 491 2553 ‚
514 2518 604 2542 avcc
624 2506 766 2556 l’cglise
791 2507 837 2543 dc
858 2507 1075 2543 Saint-Jean
1103 2519 1149 2543 en
1173 2506 1320 2548 Greve,
1346 2503 1410 2552 qui
1437 2502 1525 2538 ctait
1545 2501 1712 2538 ‹lerriere

312 2578 369 2605 cet
390 2567 504 2603 botei.
529 2568 626 2604 C'est
644 2578 708 2601 sur
729 2565 762 2600 la
784 2567 889 2615 place
909 2567 955 2603 de
976 2568 1100 2603 Greve
1120 2579 1194 2615 que
1214 2564 1439 2601 l'execution
1461 2570 1524 2598 eut
1544 2561 1631 2600 lieu,

369 2630 405 2663 2.
439 2629 466 2663 11
490 2626 546 2661 fut
562 2624 696 2661 aniene
718 2638 786 2674 par
806 2639 878 2661 une
901 2626 1042 2662 send-tre
1061 2625 1107 2662 de
1129 2624 1256 2661 l’hbtel
1279 2623 1326 2660 de
1346 2622 1448 2659 ville.

371 2689 407 2722 3.
443 2703 457 2717 α
483 2685 511 2721 ΙΙ
534 2697 580 2721 ne
600 2683 742 2720 cuidoit
760 2684 865 2734 point
883 2697 956 2733 que
972 2687 1005 2721 le
1023 2697 1090 2732 roy
1108 2697 1154 2720 ne
1175 2697 1213 2719 sa
1227 2683 1361 2729 justice
1377 2681 1410 2717 le
1427 2680 1603 2717 deussent
1620 2677 1712 2714 faire

318 2745 476 2782 mourir.
503 2761 519 2776 ν
541 2743 681 2780 Chron.
706 2742 833 2779 scand.
