1923 3020
764 256 907 290 LIBER
933 256 1129 291 PRIMUS.
1597 252 1644 291 '73

253 344 398 389 natim
428 341 727 388 ecclesiarum
759 341 978 405 praelatis,
1005 358 1064 387 ne
1094 340 1283 388 alicubi¹
1316 341 1435 388 feras
1467 341 1646 406 aliquas

252 420 411 465 venari
433 418 506 465 vel
530 418 679 465 facere
705 418 865 464 venari
891 419 1141 479 auderent,
1169 435 1471 482 quocumque
1499 418 1644 465 modo

253 497 324 543 vel
354 496 501 541 forma
531 496 578 541 id
609 496 708 541 fieri
737 496 919 559 possit2.
956 495 1256 560 Praecipiebat
1285 496 1396 542 item
1426 495 1647 542 omnibus

251 572 503 637 praedictiS,
535 574 616 635 qui
646 573 823 635 plagas,
860 573 972 618 retia
998 574 1073 619 vel
1101 574 1294 636 laqueos
1324 590 1648 637 quoscumque

252 648 519 694 venatorios
556 648 808 704 haberent,
843 658 1074 711 quatenus
1108 649 1229 695 infra
1251 649 1350 695 dies
1376 650 1647 712 quindecim

252 735 358 789 post
391 724 757 787 publicationem
785 726 944 784 edicti,
977 725 1169 771 eosdem
1198 726 1433 773 deferrent
1462 744 1541 773 seu
1568 727 1648 773 de-

252 801 360 846 ferri
391 801 596 847 facerent
630 802 688 847 ad
722 802 918 848 ballivos
954 802 1049 847 sive
1084 802 1363 848 senescallos
1406 803 1645 863 locorum,

252 877 340 923 sub
380 877 545 924 eadem
576 895 668 941 qua
697 880 829 942 prius
862 894 1058 924 censura
1087 888 1131 923 et
1155 896 1313 942 poena.
1342 880 1525 937 Quibus
1549 880 1649 927 bal-

251 953 354 999 livis
375 964 517 1017 atque
534 955 797 1002 senescallis
814 955 1142 1014 mandabatur,
1164 955 1294 1017 quod
1316 957 1475 1002 omnia
1494 956 1652 1020 hujus-

253 1031 381 1077 modi
424 1032 542 1078 retia
571 1042 616 1078 et
648 1033 779 1079 funes
819 1049 901 1078 seu
930 1032 1123 1095 laqueos
1151 1032 1391 1095 protinus,
1426 1042 1651 1096 tanquam

252 1106 494 1153 haereticos
516 1109 743 1172 relapsos,
772 1110 876 1172 igne
900 1110 1200 1155 cremarent³.

316 1187 373 1230 Et
413 1201 472 1230 ne
511 1185 715 1232 fortassis
761 1174 984 1232 {estimare
1025 1185 1226 1232 ministri
1271 1194 1316 1232 et
1361 1195 1653 1233 exsecutores

254 1259 527 1322 hujusmodi
548 1262 880 1308 mandatorum
902 1272 1114 1326 possent,
1143 1279 1198 1309 ea
1219 1279 1387 1326 parurn
1410 1263 1507 1326 regi
1531 1279 1653 1310 curae

254 1346 333 1382 aut
357 1353 454 1382 non
474 1337 564 1383 alte
586 1339 745 1384 animo
769 1355 855 1384 suo
880 1338 1022 1384 infixa
1045 1348 1090 1383 et
1112 1339 1336 1402 impressa
1358 1338 1475 1397 fore,
1502 1348 1548 1384 et
1569 1356 1654 1403 per

255 1413 352 1459 haec
376 1414 583 1460 mitiores
613 1416 684 1461 vel
710 1415 948 1478 segniores
976 1416 1024 1460 in
1051 1415 1329 1462 eorumdem
1354 1418 1654 1463 exsecutione

256 1495 574 1554 efficerentur,
601 1497 797 1560 ipsemet
820 1497 866 1542 in
893 1496 1038 1542 domo
1062 1496 1354 1544 honorabilis
1387 1498 1570 1544 domini
1596 1497 1655 1544 de

308 1624 344 1658 1.
378 1622 505 1657 Alieni
524 1620 616 1657 dans
634 1620 669 1658 le
692 1633 761 1658 ms.

307 1681 343 1716 2.
376 1682 428 1716 Le
448 1687 545 1716 texte
568 1679 614 1716 de
637 1687 732 1716 cette
756 1679 999 1718 ordonnance
1020 1679 1189 1718 fameuse
1203 1710 1213 1729 ,
1235 1681 1301 1731 qui
1323 1680 1446 1732 pal-ait
1472 1682 1581 1719 avoir
1598 1682 1656 1720 ete

255 1738 458 1790 rappmtc'e
486 1751 596 1804 apres
620 1738 656 1775 la
681 1751 816 1788 guelre
840 1738 891 1774 du
919 1737 1007 1776 bien
1030 1738 1183 1805 public,
1214 1743 1250 1776 n'
1256 1753 1276 1776 a
1302 1753 1370 1790 pas
1393 1740 1451 1777 e'te
1477 1740 1657 1778 retrouve

249 1800 374 1846 jusqu
379 1811 459 1844 10¹3
488 1797 581 1834 mais
606 1797 631 1833 il
655 1811 679 1847 y
704 1811 725 1834 a
754 1810 806 1834 un
831 1797 907 1834 edit
933 1797 980 1834 du
1008 1801 1050 1834 11
1081 1798 1163 1845 juin
1194 1801 1324 1845 1463,
1355 1799 1477 1836 rendu
1508 1812 1582 1850 peu
1611 1799 1658 1837 de

255 1865 375 1905 temps
406 1869 543 1906 apres,
577 1856 642 1905 qui
676 1856 761 1892 leve
791 1856 827 1893 la
856 1857 1089 1907 prohibition
1117 1871 1165 1895 en
1195 1858 1257 1894 sav
1262 1871 1330 1895 eur
1357 1858 1423 1895 des
1451 1857 1583 1895 nobles
1607 1857 1659 1895 du

254 1915 479 1964 Daupliine‚
505 1914 792 1952 anciennement
814 1915 971 1952 investis
990 1916 1041 1952 du
1063 1916 1162 1953 dioit
1181 1916 1229 1953 de
1248 1916 1378 1953 chasse
1402 1925 1438 1953 et
1456 1917 1502 1953 de
1521 1916 1656 1967 peche,

255 1981 291 2010 et
313 1974 413 2010 aussi
434 1987 482 2011 en
509 1974 641 2010 saveur
667 1974 714 2010 de
742 1982 863 2011 tontes
888 1975 942 2012 les
966 1985 1092 2013 autres
1119 1989 1326 2026 personnes
1347 1975 1397 2012 du
1420 1977 1544 2013 meme
1566 1989 1659 2027 pays

254 2031 342 2081 qui,
372 2041 603 2082 moyennant
634 2033 780 2070 sinance
799 2064 807 2080 ‚
830 2034 981 2071 avaient
1004 2034 1086 2081 joui
1113 2047 1182 2084 par
1207 2035 1242 2071 le
1270 2035 1377 2084 passe
1404 2035 1450 2072 de
1474 2035 1510 2072 la
1536 2037 1658 2073 meme

254 2091 509 2142 prerogative.
536 2095 588 2128 Le
608 2092 850 2128 considerant
877 2092 922 2130 de
948 2101 1043 2130 cette
1066 2094 1199 2129 savem·
1219 2093 1307 2130 faite
1327 2107 1402 2130 aux
1424 2093 1660 2143 Dauphinois

256 2158 310 2186 est
330 2151 511 2201 singulier
528 2168 534 2187 ε
560 2151 650 2188 c'est
674 2169 690 2184 u
711 2165 808 2201 pour
827 2165 869 2189 ce
888 2155 974 2202 qu'a
996 2153 1197 2189 l'occasion
1218 2153 1402 2190 desdictes
1422 2153 1594 2191 defenses
1613 2154 1660 2192 de

255 2208 422 2257 chasser,
452 2210 498 2246 ilz
527 2211 595 2253 (les
623 2211 874 2261 Daupliinois)
903 2212 1134 2249 deviennent
1158 2213 1316 2262 oyseulx
1336 2221 1371 2250 et
1391 2226 1474 2250 sans
1493 2227 1660 2264 occupa-

254 2268 353 2305 cion.
380 2288 394 2301 »
420 2272 697 2316 (Ordmnmnces
725 2273 788 2307 (les
816 2274 887 2307 roc's
912 2274 957 2307 de
977 2275 1141 2320 France,
1165 2282 1190 2310 t.
1213 2276 1321 2320 XVI,
1346 2288 1384 2323 p.
1410 2276 1464 2321 1.)
1484 2274 1660 2312 D'aut1·es

255 2328 495 2377 exceptions,
517 2329 610 2366 mais
636 2329 905 2367 individuelles
920 2361 928 2377 ,
954 2332 1078 2368 fui-ent
1097 2332 1298 2369 accordees
1322 2333 1415 2370 dans
1436 2333 1470 2370 le
1491 2343 1587 2371 reste
1609 2334 1659 2371 du

255 2398 451 2434 royaume.
478 2388 598 2435 Ainsi,
621 2388 655 2424 lc
675 2390 723 2425 25
742 2388 892 2435 janvier
913 2392 1015 2426 1465
1029 2419 1038 2435 ‚
1067 2390 1101 2427 le
1121 2390 1299 2442 seigneur
1318 2391 1365 2428 de
1383 2392 1544 2442 Razilly,
1567 2392 1661 2430 ‹lans

256 2445 290 2481 le
306 2444 465 2483 chateau
487 2446 627 2496 duquel
652 2447 685 2484 le
706 2448 762 2484 roi
782 2448 883 2484 avait
899 2449 1076 2495 scjourne
1096 2450 1261 2499 quelque
1281 2459 1417 2501 temps,
1440 2460 1545 2501 requt
1564 2464 1661 2501 pour

256 2503 307 2540 lui
328 2512 364 2540 et
382 2518 421 2541 sa
442 2506 640 2554 posterite,
669 2505 703 2542 le
727 2506 825 2543 droit
844 2507 890 2544 de
910 2507 1061 2544 chasser
1082 2508 1115 2545 le
1140 2509 1244 2559 lapin
1268 2512 1288 2546 a
1311 2523 1447 2547 courre
1466 2519 1503 2547 et
1522 2512 1541 2546 a
1566 2510 1660 2547 filets

260 2580 275 2595 α
301 2576 347 2600 en
373 2577 430 2601 ses
447 2564 613 2611 jardins,
635 2566 847 2603 couldroies
871 2575 906 2604 et
927 2576 1224 2618 appartenances
1246 2569 1297 2606 du
1317 2569 1493 2606 domaine
1516 2569 1563 2605 de
1582 2572 1660 2606 Ra-

256 2620 359 2671 zilly,
379 2639 395 2654 n
420 2624 513 2661 dans
531 2638 583 2661 un
604 2637 723 2676 rayon
740 2625 785 2662 de
803 2625 867 2663 dix
886 2639 1024 2677 arpens
1044 2636 1182 2665 autour
1199 2628 1306 2666 dudit
1321 2629 1480 2667 manoir.
1503 2632 1591 2666 Mss.
1614 2628 1660 2665 de

257 2681 291 2718 la
314 2681 412 2721 Bibl.
438 2683 530 2733 imp.
556 2686 750 2722 collection
768 2689 819 2724 D.
845 2689 1049 2733 Housman,
1067 2696 1095 2726 t.
1117 2691 1206 2736 XII,
1226 2702 1265 2727 n.
1289 2690 1407 2726 7518.

312 2744 348 2780 3.
367 2742 422 2779 Cf.
439 2742 666 2788 Chastelain,
681 2745 1265 2797 partieII,ch.xxx1,etJacques
1277 2747 1614 2797 Duclercq‚l.V‚c.
1629 2762 1657 2786 1.
