1923 3020
688 233 831 268 LIBER
860 233 1099 278 QUARTUS,
1521 235 1592 270 329

262 323 294 364 A
319 335 415 382 quo
439 318 608 364 auxilia
632 318 894 382 postulans,
923 336 1064 381 quem
1090 329 1361 381 agnosceret
1385 330 1430 365 et
1453 321 1595 366 armis

198 405 456 459 potentem,
483 405 528 440 et
545 396 807 441 Germaniae
829 397 1017 459 populis
1041 395 1249 442 finitimis
1272 396 1594 442 dominiorum

196 488 388 517 suorum
410 488 505 515 non
531 488 697 534 parum
721 472 959 517 formidini
984 483 1123 534 atque
1147 473 1314 518 terrori
1339 489 1455 531 esse,
1485 473 1594 519 faci-

196 548 287 593 lem
319 564 424 592 eum
454 547 513 592 ad
541 547 631 593 hoc
660 558 800 610 atque
833 550 1091 611 propitium
1128 550 1323 594 invenit.
1358 549 1595 596 Promisit-

195 641 286 687 que
308 623 458 668 eidem
485 640 531 668 se
567 624 738 669 auxilio
759 624 863 681 sibi,
888 642 997 669 cum
1017 626 1223 687 primum
1246 635 1420 688 posset,
1447 636 1596 672 trans-

195 710 295 747 acta
318 699 490 756 hieme,
535 700 825 745 adfuturum.
855 703 942 745 Pro
968 705 1187 746 suorum¹
1213 712 1369 747 autem
1406 703 1596 766 praemio

195 775 543 837 subeundaeque
572 775 712 836 hujus
742 777 805 820 rei
839 778 980 837 gratia
1006 778 1253 840 impensae,
1280 779 1482 825 ecclesiae
1508 783 1598 825 (30-

194 852 417 898 loniensis
435 851 719 897 advocatum
738 853 959 898 eumdem
980 853 1150 899 ducem
1169 871 1373 918 suosque
1393 857 1598 904 haeredes

194 929 320 975 idem
344 928 740 992 archiepiscopus,
766 939 814 974 ut
847 929 1051 987 aiebant,
1086 931 1317 977 effecerat.
1343 936 1428 979 Per
1455 950 1598 997 quam

194 1006 576 1063 advocationem,
604 1007 928 1052 auctoritatem
950 1017 993 1051 et
1014 1007 1279 1054 dominium
1298 1026 1434 1055 suum
1459 1012 1598 1057 etiam

194 1085 254 1131 ad
279 1094 420 1130 terras
445 1083 647 1129 ecclesiae
667 1084 959 1130 Coloniensis
984 1101 1245 1148 propagare
1270 1087 1367 1149 ipse
1390 1087 1482 1133 dux
1505 1106 1600 1151 ges-

195 1161 362 1220 tiebat,
397 1160 805 1224 quemadmodum
836 1160 978 1224 paulo
1004 1171 1112 1207 ante
1139 1162 1357 1208 effecerat
1385 1163 1443 1209 de
1468 1165 1598 1210 terris

195 1238 398 1285 ecclesiae
437 1238 720 1283 Leodiensis.

260 1315 542 1379 Compositis
566 1315 722 1377 itaque
745 1314 839 1359 dux
866 1315 963 1379 ipse
989 1315 1129 1361 rebus
1149 1316 1266 1374 suis,
1296 1325 1387 1361 tam
1413 1317 1459 1362 in
1486 1321 1597 1363 Bur-

195 1393 369 1457 gundia
408 1408 551 1455 quam
601 1393 648 1437 in
688 1391 887 1448 Alsatia,
928 1394 976 1439 in
1013 1411 1098 1440 suo
1135 1395 1361 1440 comitatu
1400 1397 1595 1455 Ferreti‚

190 1472 287 1533 jam
310 1479 497 1533 tepente
520 1485 658 1527 vere,
691 1486 851 1515 mense
882 1471 1075 1530 martio,
1104 1470 1345 1534 repedavit
1371 1488 1479 1517 cum
1506 1473 1600 1518 suis

195 1547 341 1610 copiis
375 1562 459 1609 per
498 1544 691 1591 eosdem
720 1546 882 1605 calles,
922 1547 1096 1608 quibus
1128 1548 1207 1593 illo
1235 1548 1474 1612 profectus
1506 1549 1601 1595 fue-

196 1632 281 1681 rat,
309 1623 354 1668 in
383 1633 554 1668 terram
580 1639 710 1671 suam
745 1623 1223 1685 Luxemburgensem.
1255 1626 1392 1688 Atqui
1422 1625 1469 1670 in
1496 1626 1598 1689 ipso

196 1718 326 1765 paene
363 1702 433 1747 sui
477 1701 652 1748 reditus
703 1711 746 1756 et
784 1703 1061 1748 reversionis
1108 1703 1301 1759 limine,
1346 1702 1483 1765 longe
1522 1720 1598 1748 se-

196 1795 277 1824 cus
312 1794 454 1840 quam
494 1788 788 1842 speraverat,
828 1794 899 1824 res
937 1795 1083 1824 novas
1128 1779 1304 1824 subditi
1351 1779 1599 1824 comitatus

195 1855 264 1899 sui
303 1855 583 1900 Ferretensis
613 1864 779 1900 contra
811 1871 858 1899 se
890 1863 935 1899 et
971 1855 1223 1919 imperium
1268 1871 1405 1900 suum
1448 1854 1597 1899 moliti

196 1940 320 1975 sunt.

260 2007 531 2066 Dimiserat,
557 2009 620 2052 uti
649 2007 875 2065 diximus,
903 2007 962 2053 ad
987 2006 1440 2053 administrationem
1466 2007 1598 2069 ejus—

196 2085 304 2130 dem
330 2086 578 2130 comitatus
600 2084 732 2129 illum
752 2084 1081 2141 Hachenbaclz,
1115 2083 1200 2129 sibi
1231 2083 1430 2129 multum
1454 2083 1597 2130 dilec-

196 2171 311 2207 tum.
334 2164 425 2218 Qui
448 2162 595 2207 homo
614 2161 826 2220 stoliduS,
853 2161 976 2206 ferus
994 2170 1133 2223 atque
1151 2161 1351 2205 nimium
1370 2161 1594 2220 insolens,

196 2239 242 2283 in
267 2248 449 2283 tantum
478 2248 712 2283 tumorem
744 2238 975 2300 superbiae
999 2247 1138 2300 atque
1161 2238 1439 2299 arrogantiae
1464 2254 1600 2283 evec-

199 2325 269 2359 tus
292 2324 415 2374 erat,
451 2324 527 2369 ut,
556 2331 652 2358 non
679 2314 824 2359 modo
857 2313 1054 2358 subditis
1077 2313 1287 2376 ejusdem
1318 2315 1595 2373 comitatus,

196 2391 275 2436 sed
323 2401 367 2437 et
420 2390 833 2452 Argentinensibus
876 2401 919 2435 et
963 2390 1288 2435 Basiliensibus
1328 2391 1599 2453 caeterisque

196 2466 402 2512 finitimis
444 2468 632 2530 populis
665 2477 709 2512 et
738 2467 978 2530 potissime
1009 2467 1302 2513 Suitensibus
1323 2505 1332 2523 ‚
1368 2470 1447 2529 qui
1485 2467 1598 2512 olim

195 2542 389 2588 Helvetii
434 2542 855 2606 nuncupabantur,
890 2542 1027 2588 valde
1079 2543 1357 2588 redderetur
1409 2559 1594 2588 exosus,

249 2701 284 2733 1.
320 2698 441 2734 Plator
464 2712 540 2733 sno.
