1923 3020
272 272 320 307 98
628 265 967 301 HISTORIARUM
995 263 1228 299 LUDOVICI
1255 263 1310 297 XI

272 373 366 401 non
398 354 626 416 perituras
647 368 760 414 opes
783 360 829 395 et
857 348 1106 394 mendaces
1129 347 1314 392 divitias
1342 347 1442 392 sine
1466 347 1664 393 termino

271 442 313 476 et
361 431 459 475 sine
505 427 651 472 modo
697 442 950 487 congerere
986 435 1030 469 et
1067 423 1307 469 cumulare
1345 432 1545 485 quaerat,
1587 423 1668 469 sed

270 505 413 551 animi
433 504 622 547 virtutes
642 511 687 546 et
703 501 892 563 spiritus
909 499 1051 557 dona,
1074 516 1176 561 quae
1193 515 1300 544 vere
1317 498 1667 544 dominatorem

269 581 495 626 invictum
522 593 859 639 securumque,
889 586 934 622 et
961 577 1187 622 veraciter
1216 591 1396 636 regem,
1428 591 1668 638 possesso-

268 673 364 701 rem
389 671 526 700 suum
547 652 770 699 efficiunt.
798 651 1048 698 Bellissime
1068 652 1260 714 quidem
1285 652 1484 713 tragicus
1511 651 1664 697 canit:

558 754 750 803 Nescitis,
775 751 917 810 cupidi
940 752 1112 803 arcium,

557 825 749 881 Regnum
772 838 855 879 quo
874 824 1010 876 jaceat
1032 821 1143 863 loco.

559 896 715 952 Regem
738 909 823 933 non
849 893 1007 935 faciunt
1029 908 1129 950 opes
1147 925 1156 943 ,

560 966 656 1006 Non
676 965 799 1006 vestis
822 965 937 1021 tyriae
962 964 1092 1016 color,

559 1036 655 1076 Non
680 1035 826 1075 frontis
848 1046 948 1075 nota
964 1036 1105 1092 regiae,

558 1106 654 1147 Non
679 1121 781 1146 auro
805 1105 950 1145 nitidae
974 1105 1128 1146 trabes.

562 1177 646 1216 Rex
668 1186 729 1216 est
751 1177 820 1232 qui
843 1176 982 1232 posuit
1004 1185 1138 1216 metus

559 1247 611 1287 Et
633 1246 712 1286 diri
736 1245 844 1286 mala
868 1246 1064 1303 pectoris,

561 1317 698 1369 Quem
721 1332 807 1356 non
832 1316 1006 1357 ambitio
1030 1317 1238 1374 impotens

560 1389 612 1428 Et
635 1402 851 1443 nunquam
875 1386 1032 1428 stabilis
1056 1387 1172 1428 favor

558 1459 681 1517 Vulgi
703 1460 926 1517 praecipitis
946 1471 1101 1501 movet.

271 1560 319 1601 Et
344 1565 508 1601 caetera
527 1573 630 1618 quae
652 1556 698 1600 in
725 1555 932 1600 carmine
956 1553 1152 1616 pulchre
1176 1554 1506 1601 subtexuntur.

332 1635 437 1677 Haec
460 1649 546 1695 pro
567 1642 698 1677 tanto
719 1631 940 1687 diximus,
962 1640 1012 1675 ut
1030 1646 1239 1676 errorem
1258 1641 1398 1693 atque
1424 1631 1664 1676 stultitiam

269 1708 622 1753 ostenderemus
645 1707 1006 1753 ambitiosorum
1030 1707 1128 1769 qui,
1156 1707 1367 1769 neglecto
1388 1707 1553 1753 ordine
1571 1707 1670 1769 jus-

270 1783 403 1840 titiae,
443 1800 496 1828 ex
536 1783 736 1828 aliorum
771 1781 941 1844 opibus
977 1791 1022 1827 et
1057 1782 1197 1827 bonis
1235 1799 1317 1829 sua
1351 1783 1550 1846 imperia
1587 1781 1667 1828 ad-

270 1877 440 1923 augere
454 1871 498 1907 et
510 1860 704 1905 dilatare
716 1868 948 1922 quaerunt,
960 1859 1147 1921 qualem
1164 1869 1275 1905 tunc
1295 1870 1340 1905 et
1360 1859 1665 1923 postmodum

269 1938 407 1982 etiam
436 1937 519 2000 [se]
549 1937 793 1994 habuisse,
829 1953 884 1981 ex
910 1935 1063 1981 verbis
1095 1937 1190 1981 suis
1215 1954 1317 1999 quae
1346 1937 1663 1996 recitavimus,

271 2021 408 2074 atque
427 2031 482 2058 ex
503 2013 631 2059 factis
650 2014 760 2072 suis,
787 2012 914 2058 hunc
935 2011 1247 2069 Ludovicum,
1274 2013 1405 2075 cujus
1425 2029 1496 2058 res
1520 2022 1668 2074 gestas

272 2091 613 2150 prosequimur,
640 2090 819 2152 liquido
843 2098 1042 2135 constat.
1071 2089 1211 2144 Quod
1236 2099 1281 2135 et
1304 2090 1349 2134 in
1375 2106 1668 2152 consequen-

274 2163 395 2209 tibus
418 2167 706 2212 manifestius
731 2165 990 2229 apparebit.

685 2357 1017 2401 CAPITULUM
1051 2359 1254 2402 XXVIII.

353 2468 543 2514 Quomodo
563 2470 724 2511 Carolus,
743 2471 847 2503 frater
864 2472 968 2516 regis,
988 2485 1005 2504 e
1022 2472 1168 2506 Pictavis
1183 2474 1300 2506 volens
1317 2473 1351 2506 in
1372 2472 1582 2506 Britanniam

834 2522 1004 2557 adductus
1021 2525 1097 2560 fuit.

337 2628 646 2695 Prius[quam]
674 2639 828 2675 tamen
862 2631 1117 2692 ‹Vluidquam
1149 2635 1287 2679 armis
1310 2633 1497 2695 aggredi
1530 2634 1665 2679 vellet

273 2727 368 2768 rex,
391 2709 489 2771 ipse
509 2707 675 2751 iterum
697 2705 856 2749 volens
871 2705 1039 2750 ducem
1057 2709 1299 2753 Britanniae
1319 2709 1663 2754 commonitum
