1923 3020
675 260 816 294 LIBER
844 259 1067 304 QUINTUS.
1495 262 1564 295 377

183 342 458 406 desperans,
484 343 543 387 ad
570 359 697 401 eain,
725 361 827 405 quae
853 353 1075 407 perpetua
1103 354 1187 401 est,
1208 344 1346 406 coepit
1366 345 1568 404 cogitare

184 419 418 464 attentius.
444 421 498 462 Et
527 420 586 465 ad
618 419 710 464 hoc
742 420 931 482 quidem
964 437 1046 483 per
1080 420 1344 482 religiosos,
1376 421 1453 482 qui
1481 421 1565 466 sibi

182 493 478 551 assistebant,
513 495 681 556 jugiter
715 495 1076 553 admonebatur,
1118 506 1161 541 et
1196 506 1246 541 ut
1285 512 1307 541 a
1342 499 1440 541 Deo
1480 497 1569 559 pri-

184 585 330 624 mum,
357 568 525 614 deinde
550 586 573 613 a
602 586 706 631 rege
728 580 865 632 atque
895 571 1113 615 ommibus
1146 572 1328 616 veniam
1356 587 1567 634 precare-

183 655 272 702 tur,
318 660 365 688 se
413 660 575 689 eorum
618 646 703 708 piis
746 646 803 690 ad
844 649 996 690 Deum
1043 647 1459 709 supplicationibus
1498 665 1569 693 re-

181 719 532 766 commendans.
562 721 703 776 Quod
733 738 840 766 cuin
875 722 1051 766 fecisset
1086 733 1385 785 rogassetque
1420 725 1569 785 regios

180 814 412 862 procereS,
441 799 521 859 qui
544 797 789 842 adstabant
810 834 819 854 ,
848 808 898 842 ut
919 799 1010 860 regi
1031 800 1234 844 animam
1257 800 1353 861 ejus
1379 817 1430 845 ac
1450 803 1569 847 salu-

180 886 271 921 tem
300 875 502 920 facerent
530 876 907 932 recmnmissam,
944 876 1211 938 supplicans
1245 888 1498 939 quatenus,
1534 880 1568 923 si

179 967 350 1013 corpus
371 950 511 1013 ipsius
532 959 575 994 et
600 950 894 1013 corporalem
927 950 1067 995 vitain
1091 967 1278 997 exosam
1305 952 1564 1011 habuisset,

178 1028 383 1072 animam
409 1036 658 1089 propterea
684 1026 876 1071 minime
901 1027 1140 1089 despicere
1161 1027 1324 1086 vellet,
1352 1046 1568 1091 procum-

178 1103 293 1149 bens
312 1103 371 1149 ad
396 1120 562 1165 genua,
590 1104 758 1161 lictori,
782 1104 860 1165 qui
885 1103 1113 1162 adstabat,
1134 1115 1321 1168 paratus
1341 1108 1565 1153 cervicem

177 1179 389 1225 tetendit.
418 1180 509 1235 Qui
537 1196 673 1224 suuni
700 1180 898 1242 implens
933 1180 1236 1226 ministerium
1258 1219 1268 1237 ,
1301 1182 1360 1227 ab
1388 1199 1443 1227 eo
1473 1185 1569 1246 pri-

178 1273 308 1301 mum
345 1255 574 1317 indulgeri
613 1265 750 1317 atque
783 1256 967 1300 veniam
1001 1256 1087 1301 sibi
1126 1257 1225 1302 dari
1260 1258 1564 1321 imprecatus,

178 1331 334 1392 gladio
361 1331 525 1376 feriens
549 1341 688 1393 caput
709 1331 915 1393 ejusdem
940 1334 1216 1395 amputavit.

243 1410 445 1452 Fuerant
466 1416 621 1452 autem
644 1407 888 1470 paululum
914 1418 1020 1454 ante
1044 1408 1102 1454 de
1130 1410 1374 1468 tribunali,
1402 1412 1447 1455 in
1474 1428 1567 1473 quo

178 1485 235 1530 de
251 1483 522 1545 hujusmodi
541 1484 777 1528 exsecutio
802 1484 1043 1545 agebatur,
1071 1487 1215 1548 panni
1239 1496 1282 1531 et
1305 1503 1468 1531 omnes
1493 1503 1568 1531 or-

178 1569 312 1604 natus
335 1559 544 1618 detracti,
572 1569 622 1604 ut
643 1559 847 1605 ferientis
865 1560 1004 1623 gladii
1026 1562 1142 1607 ictus
1159 1572 1203 1607 et
1221 1562 1418 1624 judicati
1441 1579 1570 1608 exse—

177 1636 304 1682 cutio
331 1637 544 1681 omnium
574 1636 857 1682 adstantium
886 1638 1158 1701 conspectui
1182 1648 1486 1701 patescerent.
1516 1641 1566 1683 Et

175 1712 330 1758 adhuc
353 1723 405 1758 ut
424 1715 601 1759 cunctis
624 1715 920 1777 conspectior
942 1714 1210 1773 haberetur,
1240 1715 1463 1769 minister,
1490 1716 1565 1776 qui

176 1806 283 1834 eum
316 1800 633 1852 percusserat,
663 1800 856 1853 accepto
885 1791 1035 1853 capite
1063 1790 1288 1836 ambabus
1322 1791 1534 1836 manibus
1554 1828 1563 1846 ‚

176 1868 328 1930 ipsum
354 1867 538 1912 elevans
562 1867 680 1912 trina
702 1869 800 1913 vice
832 1868 1135 1925 circumtulit,
1161 1877 1210 1912 ut
1238 1884 1263 1912 a
1286 1868 1463 1912 cunctis
1487 1868 1568 1913 ad«

173 1943 403 1990 stantibus
427 1943 675 1988 dissectum
698 1960 724 1989 a
745 1961 948 2007 corpore
973 1944 1219 1989 videretur.
1249 1944 1415 1988 Mirum
1442 1944 1567 1988 enim

176 2021 221 2065 in
247 2020 442 2066 modurn
466 2021 511 2065 in
539 2037 645 2065 eum
670 2022 811 2066 totius
831 2021 993 2084 populi
1028 2020 1228 2081 regionis
1254 2020 1416 2065 odium
1441 2037 1568 2065 exar-

175 2106 308 2141 serat.
330 2099 540 2152 Quorum
561 2107 610 2141 ut
629 2096 868 2142 desideriis
885 2106 1023 2157 atque
1044 2095 1154 2140 odio
1172 2105 1425 2158 utcumque
1440 2096 1568 2140 satis-

177 2170 320 2226 fieret,
345 2182 389 2216 et
411 2182 460 2216 ut
484 2173 662 2217 cunctis
686 2173 785 2217 aliis
809 2171 1073 2234 exemplum
1093 2180 1136 2216 et
1158 2182 1379 2216 terrorem
1402 2171 1569 2215 immit-

179 2256 322 2303 teret,
350 2265 430 2293 rex
456 2249 514 2293 ita
537 2249 819 2311 supplicium
841 2248 938 2309 ejus
954 2247 1101 2292 voluit
1123 2264 1219 2293 esse
1240 2248 1562 2311 conspicuum.

243 2323 456 2385 Religiosi
482 2335 639 2370 autem
670 2334 929 2369 conventus
955 2327 1168 2369 Fratrum
1197 2324 1431 2369 Minorum
1451 2361 1462 2383 ,
1487 2325 1568 2387 qui

177 2400 239 2445 ob
261 2400 352 2446 hoc
378 2401 485 2446 illuc
517 2402 563 2446 in
600 2417 769 2463 magno
803 2418 1000 2446 numero
1033 2401 1344 2461 advenerant,
1380 2402 1567 2465 permit-

176 2485 301 2521 tente
330 2493 452 2538 rege,
473 2477 676 2522 tulerunt
700 2493 886 2539 corpus,
911 2486 956 2522 et
977 2478 1023 2522 in
1049 2493 1182 2522 suam
1201 2477 1406 2524 delatum
1427 2478 1568 2523 eccle-

176 2553 289 2598 siam
320 2568 426 2598 cum
463 2554 722 2598 reverentia
764 2553 1072 2616 sepelierunt,
1114 2555 1320 2599 animam
1357 2554 1566 2616 plurimis

176 2628 466 2674 orationibus
494 2639 632 2692 atque
652 2629 878 2691 suffragiis
902 2629 1080 2675 devotis
1104 2631 1309 2675 Domino
1330 2646 1566 2676 commen-

174 2704 353 2750 dantes.
