1923 3020
651 261 794 298 LIBER
821 261 1046 298 OUINTUS.
1474 260 1547 295 393

153 349 296 403 ciam,
343 347 403 394 ad
446 363 548 393 eam
594 348 910 411 recipiendam
951 348 1132 410 sibique
1175 345 1542 409 acquirendam,

150 425 476 471 transmittere.
505 424 646 479 Quod
674 441 781 470 cum
807 424 934 470 idem
966 427 1172 469 Renatus
1204 422 1479 487 pervidisset
1503 432 1549 467 et

148 502 435 563 agnovisset,
461 500 638 546 studuit
671 501 988 563 providenter,
1017 502 1169 563 sagaci
1194 499 1407 563 profecto
1439 515 1547 544 usus

148 577 343 624 consilio
363 613 373 634 ,
397 577 648 639 praevenire
678 576 957 638 periculum.
986 576 1190 621 Accessit
1209 576 1335 620 enim
1361 574 1548 635 Lugdu-

151 670 265 698 num
294 652 354 697 ad
389 655 587 714 regem¹,
616 651 796 712 sibique
831 652 1022 696 minime
1055 667 1177 712 opus
1216 651 1314 695 sore
1350 650 1465 695 dixit
1498 660 1549 696 ut

153 729 289 774 armis
326 728 618 774 Provinciam
662 727 1007 788 aggrederetur,
1046 728 1122 772 cui
1162 737 1208 773 et
1251 728 1459 773 civitates
1503 737 1548 773 et

153 821 280 851 arces
312 804 520 866 ejusdem
543 813 723 867 apertas
746 819 843 848 esse
865 803 1077 860 volebat,
1105 804 1168 848 ita
1193 813 1241 848 ut
1264 803 1549 867 ubicumque

155 899 234 927 rex
265 881 428 940 vellet,
453 897 647 926 suorum
677 880 851 925 locaret
885 879 1085 925 militum
1120 879 1356 942 praesidia;
1383 890 1428 925 et
1452 897 1548 925 uon

155 957 298 1002 modo
331 956 420 1015 ibi,
444 956 526 1002 sed
550 966 595 1001 et
621 957 667 1001 iu
698 955 962 1017 Andegavia
989 965 1035 1001 et
1065 956 1239 1001 caeteris
1268 957 1398 1001 terris
1429 957 1546 1014 suis,

155 1032 508 1090 tantummodo,
536 1033 630 1079 vita
658 1033 854 1090 comite,
882 1048 1073 1077 suarum
1107 1032 1432 1093 hujuscemodi
1462 1042 1550 1078 ter-

155 1127 312 1156 rarum
338 1110 465 1172 (cum
490 1109 722 1155 masculos
747 1108 865 1154 filios
897 1124 994 1153 non
1018 1107 1232 1170 haberet)
1256 1108 1482 1154 fructibus
1506 1120 1549 1154 et

155 1186 456 1250 proventibus
476 1186 721 1250 potiretur.
742 1184 924 1241 Quibus
946 1184 1262 1230 oblationibus
1282 1187 1546 1248 acceptatis,

154 1282 232 1309 rex
266 1264 434 1309 dicitur
468 1264 516 1308 in
548 1261 822 1323 hujusmodi
862 1262 994 1306 terris
1033 1262 1209 1307 arcium
1245 1262 1464 1307 custodes
1507 1273 1549 1308 ct

153 1351 363 1400 caeteros,
405 1358 491 1404 pro
530 1335 695 1386 eorum
726 1338 1160 1396 administratione,
1198 1338 1422 1385 officiales
1466 1356 1550 1384 suo

153 1419 344 1463 nomine
368 1416 615 1462 instituisse
638 1426 683 1461 et
700 1416 933 1479 posuisse,
954 1415 1303 1479 expeditionem
1324 1415 1431 1461 illuc
1451 1416 1552 1460 mit-

154 1505 247 1540 tere
273 1494 510 1539 abstinuit.
551 1493 692 1549 Quod
715 1492 881 1556 procul
905 1492 1052 1538 dubio
1075 1493 1245 1538 accolis
1271 1493 1414 1556 ipsius
1446 1495 1551 1537 Pro-

154 1572 314 1617 vinciae
338 1571 444 1616 satis
480 1570 629 1615 fausto
664 1570 822 1615 omine
855 1570 1097 1633 provenit3
1126 1585 1237 1615 nam
1272 1570 1309 1614 si
1343 1586 1552 1631 eousque

152 1648 351 1693 militum
375 1647 520 1710 copiae
543 1646 822 1708 attigissent,
846 1656 1173 1709 sumptuosam
1196 1647 1337 1692 nimis
1355 1656 1401 1691 et
1423 1646 1552 1692 dam-

153 1740 318 1769 nosam
342 1724 497 1786 patriae
521 1723 902 1786 procurationem
926 1724 990 1768 eis
1014 1723 1333 1769 exsolvissent.

221 1805 402 1846 Partem
434 1801 572 1846 etiam
607 1799 886 1845 nonnullam
917 1801 1162 1864 copiarum
1198 1817 1390 1845 suarum
1431 1800 1550 1844 misit

155 1877 278 1922 idem
301 1894 383 1923 rex
407 1880 695 1922 Francorum
721 1876 782 1922 ad
806 1887 949 1922 terras
972 1877 1106 1923 ducis
1133 1877 1191 1922 de
1222 1880 1474 1930 Nemonrs,
1506 1886 1553 1920 ut

151 1970 228 1999 eas
260 1954 509 2017 ipsumque
541 1953 709 2000 ducem
741 1953 829 1998 sub
859 1970 1053 1999 manum
1085 1964 1130 1998 et
1157 1953 1387 1998 ditionem
1420 1969 1551 1998 suam

153 2033 474 2093 reponerent2.
501 2034 610 2076 Erat
646 2031 744 2093 ipse
778 2030 873 2076 dux
905 2046 1064 2076 comes
1096 2029 1336 2075 Marchiae3
1369 2038 1413 2075 et
1445 2029 1550 2092 plu-

154 2106 272 2151 rium
299 2107 527 2152 nobilium
553 2117 781 2152 terrarum
805 2106 1048 2163 dominus,
1076 2106 1145 2150 vir
1170 2106 1383 2169 profecto
1407 2105 1550 2168 aequi-

156 2192 247 2227 tate
267 2193 312 2228 et
330 2184 508 2245 justitia
532 2193 672 2246 atque
698 2183 1038 2247 probatissimis
1071 2183 1281 2229 moribus
1305 2184 1515 2246 egregius
1537 2201 1547 2241 ;

206 2377 242 2412 1.
276 2374 305 2410 Il
328 2374 407 2409 vint
433 2375 452 2409 {1
470 2376 575 2422 Lyon
605 2387 650 2409 en
672 2373 747 2410 mai
768 2376 889 2420 14763
913 2373 1005 2410 mais
1029 2374 1065 2410 le
1088 2373 1144 2410 roi
1170 2374 1223 2410 lui
1246 2374 1347 2411 avait
1375 2373 1457 2420 dejii
1482 2373 1551 2409 de—

154 2434 242 2483 pute
272 2433 537 2480 l'archechue
562 2432 607 2467 de
629 2432 789 2478 Vienne,
812 2434 916 2470 muni
940 2434 985 2470 de
1015 2433 1048 2469 la
1075 2433 1180 2470 croix
1212 2432 1258 2469 de
1292 2432 1395 2469 Saint
1419 2432 1548 2477 Laud,

154 2505 251 2541 pour
272 2491 323 2527 lui
350 2491 442 2526 faire
465 2491 571 2537 jurer
597 2490 726 2527 (lessus
745 2492 835 2540 qu’il
863 2492 1024 2529 n'aurait
1047 2492 1132 2542 plus
1159 2491 1439 2542 d’intelligence
1459 2503 1551 2527 avec

153 2549 187 2585 le
214 2549 286 2585 duc
308 2548 354 2585 de
378 2551 617 2598 Bourgogne.
645 2549 673 2584 Il
710 2553 814 2598 pre-ta
843 2564 885 2585 ce
913 2558 1078 2587 serment
1109 2550 1201 2586 dans
1226 2549 1353 2586 l’hotel
1390 2549 1436 2585 de
1462 2548 1550 2584 ville

153 2608 313 2652 d'Arles,
337 2607 371 2643 le
394 2611 413 2643 7
437 2608 530 2644 avril
554 2610 670 2646 1476.
691 2611 778 2645 Mss.
799 2610 987 2661 Legi-and,
1015 2619 1039 2647 t.
1065 2612 1206 2648 XXIV.
1366 2604 1369 2607 ¹

206 2670 243 2704 2.
277 2671 376 2704 Mars
397 2669 513 2704 1476.

209 2729 243 2763 3.
276 2730 328 2763 La
350 2726 501 2763 Mai-che
522 2725 568 2763 de
588 2726 794 2763 Limousin.
