1923 3020
733 218 877 253 LIBER
910 216 1154 262 QUARTUS.
1569 217 1642 250 {11³2

240 306 351 351 driae
395 305 489 350 dux
529 305 708 350 senior¹
745 305 868 350 viam
911 304 1068 349 fuisset
1105 304 1332 350 universae
1370 305 1523 350 carnis
1564 304 1646 349 in—

239 398 445 444 gressus,
486 382 616 443 cujus
641 380 840 440 filium2,
879 381 941 425 ob
969 390 1206 427 certorum
1245 382 1559 445 suspicionem
1592 397 1646 427 ac

240 458 551 521 patrationem
599 458 854 514 scelerum,
901 458 998 520 ipse
1033 458 1424 517 Burgundionum
1466 458 1560 503 dux
1597 458 1645 503 in

239 549 473 579 carcerem
497 542 695 578 truserat
731 533 813 578 diu
842 543 950 578 ante
982 534 1052 578 sui
1078 534 1299 595 genitoris
1323 534 1545 592 obitum³‚
1572 551 1647 580 ex-

240 608 528 672 peditionem
556 608 689 653 duxit
714 609 761 653 in
787 609 1003 654 eamdem
1027 609 1289 665 Geldriam,
1325 610 1509 674 sibique
1541 627 1646 657 eam

239 684 379 730 armis
413 684 586 729 victam
615 694 659 729 et
691 684 948 729 edomitam
985 685 1256 747 acquisivit,
1284 697 1423 749 atque
1458 704 1551 733 suae
1580 687 1649 733 di-

240 762 380 807 tionis
402 761 571 807 effecit.

303 841 440 883 Hunc
473 847 631 884 autern
656 837 845 883 titulum
875 837 1181 900 coloremque
1206 839 1487 886 ostendebat
1522 840 1648 887 idem

238 914 334 960 dux
370 914 786 977 Burgundionum,
823 914 898 959 ut⁴
927 913 1117 976 publice
1156 914 1406 974 ferebatur,
1435 917 1494 962 ad
1521 934 1649 963 eum-

239 992 348 1038 dem
383 991 608 1037 ducatum
629 991 827 1037 Geldriae
850 991 938 1036 sibi
963 991 1321 1052 acquirendum.

303 1071 421 1114 Cum
445 1069 573 1114 enim
599 1067 675 1113 iile
706 1069 864 1114 senior
899 1067 995 1113 dux
1025 1083 1051 1112 a
1085 1067 1182 1113 filio
1221 1084 1307 1113 suo
1345 1067 1580 1116 diceretur
1605 1081 1650 1116 et

232 1146 487 1207 jactaretur
525 1145 700 1190 inutilis
731 1154 870 1206 atque
896 1144 1135 1189 remissior
1167 1143 1226 1189 ad
1262 1148 1649 1207 procurationem

238 1232 282 1268 et
313 1222 771 1268 administrationem
810 1222 996 1284 patriae,
1025 1221 1230 1266 factione
1262 1223 1424 1267 matris
1463 1226 1581 1269 suae⁵
1605 1234 1651 1269 et

239 1300 578 1345 nonnullorum
609 1299 668 1344 de
691 1299 863 1362 patria,
891 1298 1017 1344 idem
1052 1297 1173 1343 filius
1208 1315 1348 1344 ausus
1377 1309 1441 1345 est
1469 1310 1649 1363 patrem

238 1393 374 1422 suum
391 1412 401 1432 ,
423 1377 578 1421 virum
603 1377 788 1438 utique,
816 1385 867 1421 ut
891 1375 1145 1432 ferebatur,
1168 1375 1352 1422 bonum
1377 1387 1423 1423 et
1446 1378 1651 1441 pruden-

237 1462 354 1509 tem,
388 1453 494 1499 licet
518 1453 725 1498 fortassis
748 1452 809 1498 ad
835 1452 1159 1498 cohibendum
1193 1453 1380 1515 rapinas
1403 1463 1448 1499 et
1477 1464 1649 1500 terram

239 1530 284 1574 in
305 1530 552 1575 securitate
571 1539 616 1576 et
630 1529 844 1575 libertate
862 1531 1258 1576 commerciorum
1275 1532 1650 1577 conservandam

238 1607 536 1669 minusjusto
570 1607 826 1664 intentum,
855 1606 1214 1670 apprehendere
1247 1617 1293 1653 et
1315 1609 1492 1653 carceri
1517 1625 1650 1655 man-

237 1684 408 1747 cipare.
438 1687 546 1730 Erat
569 1685 696 1729 enim
723 1684 846 1729 idem
873 1683 996 1730 filius
1022 1685 1130 1731 satis
1154 1701 1261 1730 acer
1285 1685 1473 1746 ingenio
1499 1696 1543 1730 et
1567 1702 1649 1731 cu-

237 1760 376 1823 pidus
400 1760 707 1819 dominandi,
742 1760 868 1806 unde
892 1771 1072 1824 patrem
1100 1778 1260 1817 suum,
1290 1771 1454 1806 contra
1474 1762 1550 1823 jus
1575 1761 1649 1807 di-

237 1837 399 1881 vinum
445 1847 491 1882 et
528 1837 821 1896 humanum,
865 1837 1039 1883 nefarie
1080 1847 1470 1900 praesumpserat,
1515 1839 1649 1883 omni

238 1913 453 1958 dominio
479 1923 525 1958 et
557 1915 832 1959 auctoritate
855 1914 1116 1974 nudatum,
1145 1915 1191 1959 in
1211 1931 1445 1960 carcerem
1466 1915 1649 1961 mittere

240 2001 282 2036 et
307 1991 415 2036 satis
439 1990 538 2036 dire
564 2000 704 2053 atque
727 1991 1047 2036 inhumaniter
1072 2006 1325 2036 asservare.

302 2069 352 2112 In
389 2083 484 2128 quo
526 2067 699 2113 scelere
741 2085 849 2113 cum
892 2066 978 2112 sibi
1018 2067 1362 2129 Noviomagum
1384 2068 1395 2089 ⁶
1430 2075 1475 2111 et
1511 2065 1650 2129 plura

240 2145 396 2206 patriae
423 2145 599 2209 oppida
625 2146 806 2191 favores
829 2144 1123 2207 impertirent
1145 2181 1153 2201 ,
1181 2144 1462 2207 quibusdam
1488 2153 1646 2190 tamen

240 2221 433 2266 minime
474 2237 714 2267 assensum
760 2220 1114 2284 praestantibus,
1162 2237 1246 2285 per
1290 2237 1441 2267 annos
1488 2221 1649 2285 plures

295 2339 331 2374 1.
363 2338 535 2375 Arnould
557 2337 782 2388 d'Egmont,
805 2338 877 2376 duc
900 2339 947 2376 de
967 2338 1152 2377 Gueldres
1180 2347 1215 2376 et
1237 2347 1359 2376 comte
1383 2338 1430 2377 de
1451 2340 1645 2390 Zutphen,

240 2406 393 2434 mourut
412 2398 448 2435 le
468 2401 516 2435 24
538 2399 678 2435 sevrier
704 2402 819 2437 1473.

324 2486 330 2492 .
363 2456 536 2508 Adolplie
558 2458 604 2495 de
623 2457 825 2498 GueldreS.

323 2546 330 2552 .
364 2519 422 2552 Au
442 2526 766 2554 commencement
787 2517 833 2554 de
854 2518 999 2554 l'annee
1021 2519 1135 2554 1470.

323 2603 330 2610 .
364 2577 415 2609 lit
433 2574 526 2611 dans
549 2576 582 2612 le
606 2588 675 2611 ms.

324 2663 331 2670 .
364 2634 565 2670 Catherine
587 2634 633 2671 de
657 2635 802 2672 Cieves.

364 2694 559 2743 Nimegue,

293 2458 316 2727 Φζκὺπωῐθ
