1923 3020
265 306 339 340 1118
624 301 959 338 IIISTORIAR'UM
988 299 1221 335 LUDOVICI
1249 300 1305 334 XI

331 389 478 451 Hujus
513 397 669 432 autem
707 384 1048 431 incertitudinis
1082 393 1221 445 atque
1256 382 1508 429 dubietatis
1541 386 1659 431 ratio

265 474 378 521 erat,
406 461 552 525 quod,
579 477 687 506 cum
714 469 1118 524 perscrutarentur
1141 459 1188 504 in
1212 458 1370 522 praelio
1393 459 1514 520 caesi,
1539 460 1661 506 inter

263 550 468 596 caeteros,
493 538 574 599 qui
591 537 717 583 bello
734 537 1018 595 ceciderant,
1041 553 1139 582 non
1160 536 1516 598 agnoscebatur.
1545 539 1662 583 Fue-

262 625 330 661 rat
361 615 536 677 quippe
566 624 706 660 nocte
734 614 862 660 diem
889 623 1136 677 sequente,
1169 630 1265 676 quo
1294 614 1504 675 praelium
1527 629 1662 659 com-

261 692 453 736 missum
473 700 558 750 est,
583 690 688 753 gelu
707 691 1013 750 acerrimum;
1043 689 1185 748 unde,
1210 705 1320 735 cum
1341 706 1488 754 prope
1512 690 1662 753 quod-

259 768 369 815 dam
405 767 630 814 fossatum
671 783 753 814 seu
790 767 996 813 rivulum
1032 766 1290 830 quemdam
1329 783 1499 830 corpus
1538 767 1658 829 ejus,

257 861 426 909 parum
463 846 510 890 in
549 854 721 892 terram
761 845 891 891 vultu
923 861 1181 900 converso,
1222 845 1465 889 inventum
1500 853 1572 902 et,
1614 853 1665 889 ut

257 931 591 984 agnosceretur
625 923 786 986 ipsene
824 931 968 981 esset,
1008 921 1218 967 adhibita
1254 921 1300 966 vi
1340 921 1662 984 resupinatum

258 999 432 1057 fuisset,
459 1015 516 1044 eo
536 999 669 1062 quod
687 999 826 1045 facies
848 1007 996 1057 terrae,
1022 999 1097 1044 cui
1116 997 1414 1061 jungebatur,
1438 1007 1662 1044 concreto

257 1075 508 1121 durissimo
535 1077 642 1138 gelu
667 1075 941 1134 inhaesisset,
972 1084 1068 1120 tota
1093 1074 1224 1137 pellis
1249 1074 1398 1131 faciei,
1427 1073 1553 1119 unde
1575 1075 1662 1120 viri

256 1152 429 1215 effigies
463 1152 675 1214 dignosci
713 1162 960 1216 potuerat,
999 1150 1180 1196 divulsa
1217 1166 1243 1195 a
1278 1165 1418 1195 carne
1450 1150 1499 1194 in
1544 1159 1664 1196 terra

257 1238 560 1275 remanserat.
586 1229 720 1274 Unde
735 1229 795 1274 ad
810 1238 990 1274 certum
1005 1228 1109 1290 quis
1126 1235 1246 1273 esset
1263 1226 1510 1289 dijudicari
1528 1226 1663 1290 [uon]

255 1315 456 1369 poterat.
486 1305 577 1351 Sed
604 1321 713 1350 cum
743 1304 803 1351 ad
826 1305 985 1350 locum
1012 1305 1263 1367 ipsumque
1287 1303 1536 1349 visendum
1560 1304 1666 1366 qui-

257 1382 367 1428 dam
387 1382 579 1427 fuissent
598 1381 808 1441 adducti,
833 1382 915 1444 qui
934 1382 977 1427 ei
995 1381 1041 1426 in
1064 1396 1250 1426 camera
1269 1389 1315 1426 et
1338 1380 1666 1426 secretioribus

257 1460 578 1505 ministrarant
623 1457 940 1521 eumdemque
994 1457 1266 1504 familiarius
1312 1467 1662 1520 cognoverant,

259 1537 413 1600 ipsum
445 1546 547 1581 tum
580 1551 635 1581 ex
669 1535 955 1597 quibusdam
988 1535 1201 1598 corporis
1234 1534 1305 1579 sui
1338 1534 1666 1581 secretioribus

258 1613 382 1659 notis
402 1614 746 1674 agnoscentes¹‚
774 1622 922 1658 totam
946 1610 1327 1657 incertitudinem
1349 1620 1409 1672 et,
1437 1627 1539 1674 quae
1555 1611 1666 1658 hac-

259 1698 394 1734 tenus
420 1687 633 1734 dubietas
659 1687 825 1747 fuerat,
854 1687 1154 1752 depulerunt.

322 1764 554 1810 Dicebant
588 1773 748 1810 autem
782 1763 1022 1822 nonnulli,
1060 1772 1110 1808 ut
1142 1762 1368 1821 diximus,
1407 1780 1516 1809 eum
1546 1764 1666 1810 inter

258 1840 430 1887 densos
470 1839 685 1903 peditum
728 1840 1098 1886 Alemannorum
1142 1839 1307 1902 globos
1354 1840 1574 1886 cecidisse
1621 1850 1667 1886 et

259 1916 560 1975 occubuisse,
593 1916 786 1962 fuerunt
809 1933 923 1962 vero
956 1916 1035 1962 alii
1072 1917 1153 1979 qui
1190 1916 1400 1962 dicerent
1436 1933 1566 1976 eum,
1607 1917 1667 1963 de

259 1994 419 2056 praelio
440 1993 714 2056 fugientem,
740 1993 800 2040 ab
820 1993 990 2056 ignotis
1007 1993 1405 2057 comprehensum
1429 2002 1475 2039 et
1498 2009 1666 2040 caesum

262 2069 415 2115 fuisse.

330 2150 532 2210 Raptum
550 2156 708 2193 autem
723 2147 821 2209 ejus
838 2162 1010 2210 corpus
1029 2147 1161 2209 jussu
1182 2147 1313 2194 ducis
1337 2147 1663 2209 Lotharingiae,

264 2223 353 2268 suit
374 2224 657 2286 perductum
675 2227 947 2286 Nanceyum
971 2234 1016 2270 et
1036 2225 1083 2269 in
1105 2224 1299 2270 ecclesia
1318 2224 1669 2271 Sancti-Johan-

266 2301 352 2357 nis,
379 2317 526 2363 parvo
551 2302 658 2347 satis
676 2301 883 2361 honore,
914 2302 1237 2347 1u1nulatum‘2.

332 2379 387 2421 Et
410 2376 487 2421 hic
510 2377 658 2422 exitus
682 2388 728 2423 et
751 2378 856 2423 finis
880 2378 1069 2423 vivendi
1093 2388 1232 2441 atque
1254 2377 1557 2441 belligerandi
1582 2381 1669 2425 Ca-

266 2452 388 2512 rolo,
411 2452 575 2499 illustri
596 2455 987 2516 Burgundionum
1011 2455 1138 2516 duci,
1163 2455 1270 2514 fuit3
1298 2455 1344 2501 in
1369 2472 1466 2518 quo
1488 2472 1668 2502 mascu-

321 2603 359 2638 1.
389 2601 458 2638 Ces
491 2612 668 2650 marques
697 2609 781 2637 sont
806 2601 998 2652 specisse'es
1017 2614 1087 2652 par
1107 2600 1278 2647 Molinet‚
1302 2610 1328 2637 t.
1349 2603 1381 2648 Ι,
1408 2615 1441 2639 c.
1467 2614 1586 2638 xxxv.

323 2661 360 2695 ἱ).
392 2659 421 2696 Il
450 2659 505 2696 sut
524 2658 681 2695 inhumc
706 2671 784 2695 non
805 2673 872 2709 pas
901 2662 921 2696 a
949 2660 1186 2707 Saint-Jean,
1210 2660 1303 2696 mais
1331 2662 1350 2696 a
1378 2660 1670 2709 Saint-Georges

270 2717 315 2754 de
340 2718 470 2754 Nanci.
497 2718 789 2764 munies-Quint
812 2720 849 2754 lit
874 2719 1078 2755 transferor
1094 2732 1152 2756 ses
1174 2727 1289 2756 restes
1311 2721 1330 2755 2⁸1
1350 2722 1604 2755 Non-e-Dame
1624 2717 1669 2754 de

272 2780 433 2828 Bruges,
450 2775 499 2813 ou
519 2776 565 2812 ils
585 2784 667 2812 sont
690 2789 842 2815 encore.
