1923 3020
282 249 356 283 2:50
639 246 975 281 HISTORIARUM
1004 245 1238 280 LUDOVICI
1265 247 1321 280 XI

281 337 466 397 Angliae,
490 342 745 393 cognatum
767 348 903 376 suum
923 331 1268 391 charissimum,
1290 332 1335 377 in
1358 332 1676 395 captivitatem

277 425 416 475 atque
437 413 482 455 in
505 410 776 455 servitutem
801 409 987 454 miserat
1005 418 1049 454 et
1071 408 1311 454 detinebat
1337 409 1383 453 in
1400 408 1532 453 Turri
1555 411 1676 453 Lon-

275 489 549 541 doniarum3
587 486 823 546 fugaverat
855 486 1045 548 insuper
1068 487 1397 546 Margaretam,
1424 494 1673 546 cognatam

274 580 435 620 suam,
474 572 671 607 matrem
716 562 892 624 praesati
933 563 1158 625 principis
1198 561 1389 619 Walliae,
1432 578 1525 607 una
1569 578 1679 606 cum

275 640 443 686 eodem
474 639 712 702 principe,
755 638 849 683 filio
885 655 999 695 suo,
1038 638 1332 701 praetendens
1364 638 1565 684 totaliter
1594 637 1676 684 de-

275 727 454 763 struere
509 716 702 761 eosdem
759 717 1014 761 Hem-icum
1063 732 1221 777 regem
1277 725 1323 760 et
1372 717 1678 777 Margaretam

275 794 544 858 praedictam
579 803 623 838 et
662 794 806 856 ipsius
839 793 1015 852 filium,
1063 803 1294 854 cognatos
1330 810 1465 850 suos,
1511 792 1681 854 quibus

275 888 460 935 semper
496 872 590 934 ipsc
624 870 804 916 favores
835 887 944 915 suos
975 880 1020 915 et
1048 869 1218 915 auxilia
1256 869 1588 933 impendisset,
1627 885 1681 914 ac

278 951 417 995 etiam
443 966 491 995 se
516 950 710 1013 ipsum¹.

344 1030 451 1072 Haec
472 1026 660 1071 fuerunt
682 1036 836 1083 tenor,
852 1025 992 1071 verba
1013 1035 1151 1087 atque
1175 1025 1405 1070 sententia
1420 1025 1682 1070 litterarum

279 1108 567 1149 Francorum
582 1104 715 1165 regis,
729 1120 830 1166 qua*
844 1104 1042 1147 iuventte
1058 1102 1247 1147 suerunt
1264 1103 1310 1146 in
1328 1101 1526 1147 archivis
1541 1103 1685 1165 ipsius

282 1181 516 1239 Edoardi,
552 1190 801 1243 postquam
837 1189 1107 1242 peremptus
1138 1178 1219 1223 suit
1240 1216 1251 1238 ,
1279 1179 1685 1241 quemadmodum

283 1258 426 1322 paulo
471 1267 578 1320 post
615 1274 700 1302 suo
747 1257 912 1301 ordine
956 1256 1225 1301 reseremus.
1269 1259 1407 1312 Quae,
1455 1265 1685 1317 quantum

283 1335 417 1392 fidei,
454 1335 640 1397 justitiae
679 1344 720 1379 et
765 1333 969 1379 veritatis
1003 1334 1327 1391 continerent,
1370 1333 1406 1377 si
1448 1333 1685 1395 sapienter

284 1413 409 1458 idem
439 1429 517 1458 rex
550 1411 973 1469 animadvertisset,
1002 1411 1098 1456 imo
1123 1411 1159 1456 si
1192 1410 1685 1473 quantulumcumque

284 1490 393 1535 fidei
420 1499 465 1534 et
496 1489 756 1552 prudentiae
790 1487 1052 1545 habuisset,
1084 1505 1179 1533 non
1214 1487 1359 1533 modo
1392 1487 1576 1533 tradere
1614 1504 1690 1533 eas

286 1567 359 1612 vel
383 1567 674 1621 consentire,
703 1581 868 1610 verum
900 1565 1041 1610 etiam
1071 1564 1275 1626 cogitare
1309 1563 1584 1609 erubescere
1609 1562 1691 1609 de-

288 1644 478 1689 buisset.
518 1641 775 1699 Quomodo
809 1642 934 1687 enim
972 1658 1069 1687 non
1103 1641 1298 1687 timebat
1331 1657 1418 1686 nec
1447 1640 1693 1686 verebatur

289 1721 530 1766 offendere
572 1723 724 1765 Deum
755 1735 984 1781 suamque
1012 1718 1157 1764 fidem
1176 1756 1187 1777 ,
1215 1718 1357 1763 decus
1386 1734 1527 1763 omne
1553 1727 1694 1780 atque

289 1799 521 1843 honorem
539 1796 718 1842 violare
747 1806 791 1842 et
819 1797 1128 1858 exstinguere,
1153 1796 1252 1858 qui,
1274 1794 1413 1857 paulo
1439 1794 1543 1858 plus
1565 1794 1695 1839 bien-

290 1876 371 1921 nio
399 1886 526 1932 ante,
553 1874 681 1938 apud
706 1878 937 1919 Pei-onam
962 1882 1130 1936 sponte
1152 1890 1261 1930 sua,
1287 1882 1484 1933 cogente
1505 1885 1696 1935 prorsus

292 1955 524 2010 nemine²‚
566 1968 707 2015 super
742 1968 906 1997 verum
935 1951 1117 2012 lignum
1155 1949 1324 1995 divinae
1357 1949 1533 2006 crucis,
1571 1964 1696 2010 quo-

349 2127 385 2160 1.
417 2127 470 2161 La
489 2123 708 2172 Chronique
736 2123 982 2160 scandaleuse
1006 2121 1224 2159 mentionne
1253 2123 1273 2157 a
1302 2121 1337 2157 la
1368 2119 1452 2156 date
1482 2118 1532 2155 du
1563 2120 1610 2154 14
1632 2132 1698 2154 oc-

296 2183 403 2220 tobre
434 2186 533 2219 1270
563 2182 599 2218 la
627 2182 909 2232 promulgation
941 2181 1032 2217 (Fun
1061 2181 1139 2217 edit,
1159 2183 1208 2217 ou
1234 2198 1249 2212 ι(
1272 2179 1383 2216 estoit
1407 2187 1591 2214 contenue
1616 2177 1703 2213 l’al-

296 2244 418 2279 liance
436 2243 520 2278 saite
539 2242 587 2278 (lu
609 2257 675 2292 roy
696 2251 733 2278 et
750 2242 799 2277 ‹lu
821 2255 888 2291 roy
907 2245 1037 2289 llenry
1059 2240 1338 2290 d'Angletcrrt,
1357 2253 1403 2275 en
1422 2238 1600 2274 mandant
1621 2246 1704 2274 tous

297 2301 454 2352 Anglois
468 2301 598 2337 luisse·-
613 2301 719 2337 vvuir
731 2310 763 2337 er
781 2301 988 2337 ‹lcscvndrc
1000 2314 1045 2336 en
1061 2312 1102 2335 cc
1118 2299 1311 2349 royaulme
1329 2312 1423 2348 pour
1436 2298 1537 2334 leurs
1551 2297 1704 2333 affaires

298 2370 333 2398 ct
359 2360 659 2403 marchaudiscs,
685 2374 770 2396 suns
797 2361 883 2396 saus
899 2359 1055 2395 conduit
1074 2372 1121 2395 nc
1141 2359 1263 2395 aultre
1283 2358 1452 2403 scurete,
1481 2370 1628 2392 comme
1652 2356 1706 2392 les

299 2421 439 2466 subjets
460 2420 510 2456 du
531 2433 598 2467 roy
619 2420 664 2455 (lc
686 2423 845 2466 Franco,
872 2421 959 2456 saus
975 2433 1021 2455 en
1044 2434 1084 2456 cc
1107 2432 1181 2455 non
1200 2418 1363 2467 compris
1384 2409 1561 2452 1⁴⁴„‹10uar‹l
1584 2416 1629 2451 de
1652 2417 1705 2451 La

300 2481 473 2527 ium-che,
500 2483 685 2528 unguem-s
714 2492 779 2527 roy
806 2479 912 2515 (ludit
938 2479 1133 2528 royaulme
1157 2477 1438 2528 ‹l'Anglctcrn·0,
1463 2489 1520 2512 ses
1542 2475 1649 2511 alliez
1672 2481 1708 2510 et

298 2541 516 2589 complices.
542 2556 555 2570 υ
575 2538 611 2575 Si
631 2552 679 2573 un
700 2538 806 2572 unito
829 2539 880 2572 sut
904 2538 967 2573 fait
987 2546 1101 2573 avant
1122 2538 1156 2573 le
1178 2536 1310 2586 dcpart
1334 2535 1380 2571 de
1403 2534 1707 2579 Wa1·wicl{‚c’est

300 2599 422 2649 plutot
442 2597 592 2634 celui-ci
615 2596 730 2645 qu'ou
753 2595 876 2631 rendit
898 2596 1024 2645 public
1051 2597 1116 2632 des
1137 2599 1253 2646 qu'on
1272 2603 1332 2631 sut
1354 2595 1387 2631 le
1410 2594 1539 2630 succes
1568 2592 1614 2628 de
1639 2603 1705 2627 son

303 2657 527 2708 entreprise.

353 2719 389 2752 Ξ.
423 2716 636 2765 Singuliere
658 2715 862 2765 ignorance
883 2726 929 2749 ou
955 2712 1178 2762 prevention
1201 2713 1247 2749 de
1273 2713 1448 2757 l'auteur‚
1477 2709 1541 2758 qui
1566 2707 1617 2744 lui
1645 2706 1708 2743 fait
