1923 3020
736 218 879 253 LIBER
906 217 1106 252 TERTIUS
1113 244 1120 251 .
1551 213 1570 246 2
1579 215 1597 245 ὁ
1604 213 1625 248 3

235 306 319 360 vit,
349 315 443 350 tam
475 304 533 350 ad
561 321 608 350 se
632 303 958 367 purgandum,
988 319 1015 348 a
1038 317 1134 365 quo
1173 303 1312 348 talem
1348 300 1627 365 processisse

235 381 632 444 dispensationem
656 391 749 427 tam
767 398 846 426 rex
870 396 1011 443 quam
1037 395 1220 433 omnes,
1249 379 1329 441 qui
1354 376 1624 434 audiebant,

238 456 542 516 mirabantur,
571 473 713 520 quam
744 458 882 503 etiam
907 467 957 502 ut
991 472 1135 502 manu
1162 456 1288 517 regia
1313 462 1624 509 coerceretur,

238 551 296 578 ne
319 534 364 578 in
399 543 492 579 tam
526 535 798 581 scandalosa
823 545 867 580 et
892 534 1078 598 pessimi
1107 533 1307 596 exempli
1339 530 1508 595 copula
1543 530 1631 575 im—

239 626 363 672 pune
388 621 697 672 permaneret.

304 688 404 730 Hoc
439 696 593 732 aulem
630 705 713 751 per
745 704 899 749 regem
936 686 1155 732 (Jarolum
1190 684 1451 742 intellecto,
1485 683 1632 746 pluri-

241 761 421 823 busque
450 763 723 808 criminibus
747 763 845 808 aliis
861 801 872 819 ,
898 763 1067 824 quibus
1094 761 1221 807 idem
1245 777 1404 806 comes
1427 776 1533 805 reus
1558 758 1635 804 de-

242 836 477 883 serebatur
500 855 524 883 a
550 839 726 896 multis,
757 855 863 883 eum
893 839 953 883 ad
982 838 1159 883 curiam
1191 853 1325 881 suam
1358 835 1636 899 parlamenti

244 914 510 959 Parisiensis
552 916 597 960 in
637 916 712 977 jus
755 916 965 961 accersiri
1006 914 1109 959 fecit
1133 917 1165 967 ¹,
1204 922 1253 958 ut
1298 921 1463 957 contra
1501 928 1638 957 suum

247 1003 597 1056 procuratorem
639 1010 778 1056 super
822 991 1096 1053 objiciendis
1139 990 1226 1035 sibi
1272 989 1547 1034 criminibus
1591 989 1637 1034 in

241 1069 345 1130 jure
370 1069 700 1131 responderet,
724 1085 938 1130 seseque,
966 1068 1002 1112 si
1036 1075 1217 1130 posset,
1256 1065 1454 1127 legitime
1478 1065 1639 1110 defen-

247 1146 392 1191 deret.
427 1146 521 1191 ll'lic
545 1156 700 1191 autem
739 1161 1038 1208 comparens,
1064 1143 1150 1189 sub
1182 1151 1356 1188 arresto
1387 1143 1566 1204 positus
1596 1152 1640 1188 et

250 1222 493 1278 inhibitus,
523 1239 582 1267 ne
615 1222 779 1267 urbem
811 1223 957 1285 ipsam
990 1220 1146 1283 egredi
1181 1228 1503 1283 praesumeret,
1538 1219 1637 1264 fuit.

251 1298 343 1343 Illic
367 1299 504 1359 igitur
528 1298 668 1359 longo
696 1309 906 1360 tempore
938 1296 1134 1359 perstitit
1152 1295 1210 1341 ad
1226 1311 1272 1340 se
1287 1293 1639 1340 defendendum

250 1384 412 1419 contra
447 1375 764 1419 accusationes
797 1389 900 1436 quae
934 1382 1095 1418 contra
1132 1388 1179 1417 se
1212 1370 1639 1434 promovebantur3

251 1460 293 1496 et
317 1467 423 1495 cum
454 1450 608 1495 nullus
639 1450 976 1496 advocatorum
1001 1449 1149 1494 Curiae
1171 1464 1257 1511 pro
1289 1463 1429 1493 causa
1455 1464 1536 1493 sua
1562 1463 1646 1494 au-

252 1527 380 1572 deret
410 1536 624 1589 praestare
646 1528 976 1590 patrocinium,
1005 1527 1105 1589 ipso
1134 1525 1417 1588 postulante,
1440 1525 1645 1571 advoca-

253 1613 326 1648 tus
358 1603 445 1649 sibi
478 1604 612 1650 datus
644 1604 727 1649 fuit
760 1620 842 1667 per
873 1604 1060 1649 Curiam
1085 1603 1154 1648 vir
1178 1602 1376 1647 disertus
1408 1611 1451 1647 et
1474 1602 1522 1647 in
1541 1602 1647 1664 jure

256 1681 455 1743 peritus,
483 1681 698 1741 magister
722 1683 883 1725 Petrus
904 1682 1174 1743 Poignarffl,
1197 1679 1439 1741 adjuratus
1464 1695 1490 1724 a
1510 1679 1648 1725 Curia

256 1767 324 1812 ut,
351 1774 491 1818 quam
517 1757 681 1802 melius
704 1767 841 1820 atque
866 1757 1047 1802 fidelius
1070 1767 1242 1820 posset,
1271 1772 1406 1801 suum
1433 1755 1519 1800 sibi
1543 1771 1652 1801 con-

257 1834 409 1878 silium
447 1843 587 1896 atque
619 1834 930 1896 patrocinium
960 1834 1234 1896 impertiret.
1263 1833 1377 1890 Qui,
1413 1841 1519 1894 post
1544 1831 1650 1877 lon-

258 1926 362 1970 gam
406 1926 649 1973 processus
674 1920 717 1955 et
747 1927 893 1956 causae
925 1910 1285 1968 deductionem,
1326 1925 1434 1953 cum
1469 1908 1651 1954 videret

259 2003 390 2042 eum,
417 1987 454 2031 si
490 2003 588 2031 rem
616 1986 814 2047 judicari
845 1996 1157 2050 exspectaret,
1186 1987 1231 2031 in
1258 1986 1517 2031 maximum
1547 1986 1653 2031 vitae

260 2071 303 2107 et
337 2072 482 2108 slatus
511 2064 579 2107 sui
616 2063 875 2125 periculum
909 2080 962 2109 ac
996 2063 1244 2109 discrimen
1280 2078 1416 2126 posse
1452 2061 1649 2119 adduci,

260 2139 507 2185 consilium
538 2139 759 2203 praebuit,
790 2150 1012 2202 tanquam
1037 2141 1270 2203 optimum
1296 2138 1383 2184 sibi
1414 2148 1553 2201 atque
1585 2155 1655 2184 sa·

261 2214 589 2273 luberrimum,
619 2226 669 2261 ut
687 2217 745 2262 de
770 2217 874 2278 fuga
901 2226 1080 2262 mature
1106 2217 1329 2278 cogitaret
1351 2233 1360 2260 ε
1386 2215 1517 2278 quod
1546 2214 1650 2273 sibi,

262 2307 358 2336 non
387 2292 532 2337 modo
569 2292 702 2349 utile,
729 2292 810 2338 sed
839 2303 884 2338 et
914 2294 1227 2339 necessarium
1252 2309 1350 2339 esse
1373 2302 1500 2338 ratus
1529 2301 1651 2351 erat,

263 2367 299 2411 si
320 2367 473 2412 salvus
497 2385 596 2413 esse
619 2368 770 2414 vellet.

329 2443 457 2488 Clam
492 2443 677 2490 adscitis
706 2443 811 2490 fidis
841 2444 1114 2491 satellitibus
1147 2461 1200 2490 ac
1229 2444 1508 2499 comitibus,
1547 2461 1656 2491 cum

319 2564 354 2599 1.
388 2564 442 2598 En
466 2564 581 2600 1457.

318 2621 354 2657 Ξ.
389 2620 417 2656 ΙΙ
454 2619 583 2657 devint
611 2634 666 2664 im
699 2633 933 2672 personnage
968 2621 1230 2660 considerable
1263 2635 1349 2660 sous
1376 2622 1490 2660 Louis
1511 2624 1579 2659 XI.
1607 2624 1657 2660 Ce

266 2678 355 2726 qu‘il
379 2680 415 2715 lit
436 2692 533 2729 pour
552 2680 585 2716 le
607 2690 726 2717 comte
749 2681 1001 2731 d‘Armagnac
1024 2682 1075 2719 lui
1098 2682 1201 2720 valut
1223 2682 1258 2720 la
1279 2690 1376 2720 terre
1394 2681 1657 2733 d'Entragues.
