1923 3020
319 196 393 231 336
679 187 1015 225 HISTORIARUM
1045 186 1277 220 LUDOVICI
1304 186 1359 220 XI

318 290 477 327 carant
515 278 603 322 illic
649 289 817 335 magna
860 271 1060 317 militum
1098 270 1335 334 praesidia,
1386 269 1717 333 undecumque

320 361 568 419 potuerant
613 349 950 405 collectorum,
997 347 1075 409 qui
1125 346 1184 391 ad
1223 361 1472 391 numerum
1514 344 1638 390 mille
1676 355 1719 389 et

318 430 723 491 octingentorum,
750 433 915 488 praeter
950 423 1041 469 loci
1078 421 1260 469 accolas
1279 459 1290 481 ‚
1319 421 1570 468 ascendere
1602 421 1720 467 fere-

317 505 505 551 bantur.

785 657 1120 702 CAPITULUM
1156 657 1253 700 XII.

320 790 369 821 De
387 785 607 832 providentia
625 794 655 819 et
674 784 843 818 industria
864 785 1081 817 obsessorum
1106 791 1138 816 et
1155 782 1434 825 Coloniensium,
1457 790 1489 815 et
1512 780 1555 814 de
1571 780 1723 815 adventu

363 840 581 887 imperatoriS
609 839 812 881 Coloniam,
842 847 943 883 atque
970 838 1121 871 exercitu
1141 849 1242 881 quem
1269 849 1310 869 ex
1327 844 1400 869 tota
1417 847 1513 881 paeue
1535 834 1721 868 Germania

365 894 435 927 illic
455 892 677 939 congregavit
693 894 716 924 ³.

383 1012 527 1073 Igitur
545 1027 653 1056 cum
679 1009 929 1055 obsidione
966 1025 1046 1054 eos
1083 1009 1301 1054 cinxisset
1334 1006 1723 1069 Burgundionum

319 1089 442 1147 dux,
474 1098 517 1133 et
556 1104 749 1150 magnas
773 1087 854 1132 illo
879 1086 1039 1148 copias
1063 1085 1389 1141 contraxisset,
1416 1094 1511 1128 tam
1534 1099 1727 1129 suorum

321 1164 715 1226 Burgundionum
752 1173 795 1208 et
829 1161 1134 1207 l'icardorum
1170 1177 1310 1222 quam
1336 1161 1474 1205 etiam
1506 1159 1728 1204 Italorum

319 1253 365 1288 et
391 1242 665 1303 Anglorum‚
691 1257 811 1303 quos
837 1238 896 1284 ad
920 1254 1004 1283 sua
1029 1237 1215 1283 fovebat
1238 1237 1487 1301 stipendia,
1515 1252 1611 1281 non
1637 1245 1730 1282 tam

320 1320 504 1365 facilem
546 1318 692 1381 ipsius
730 1315 893 1379 oppidi
934 1315 1180 1377 comperiit
1222 1313 1620 1377 expugnationem
1657 1312 1732 1357 vel

323 1396 633 1448 deditionem,
661 1391 908 1455 quomodo
934 1392 1068 1437 initio
1092 1401 1220 1436 ratus
1246 1401 1347 1437 erat.
1371 1390 1553 1453 sibique
1586 1390 1732 1436 suerat

322 1481 609 1534 suggestum.
647 1473 765 1515 Nam
792 1469 1049 1532 oppidani,
1104 1469 1170 1513 uti
1197 1469 1380 1530 egregie
1414 1477 1457 1513 et
1486 1467 1735 1531 opulenter

323 1546 603 1593 victualibus
627 1556 673 1591 et
696 1545 839 1591 armis
872 1555 967 1590 erat
1000 1545 1221 1589 refertum
1254 1543 1505 1607 oppidum,
1535 1544 1597 1589 ita
1626 1560 1734 1588 cum

322 1623 566 1676 militibus,
615 1639 736 1686 quos
774 1622 821 1667 in
864 1620 1085 1684 praesidio
1122 1620 1392 1678 habebant,
1437 1620 1735 1665 solertissime

323 1713 463 1764 atque
487 1700 810 1746 strenuissime
837 1714 937 1744 sese
970 1699 1049 1743 ac²
1081 1697 1313 1761 oppidum
1345 1714 1482 1742 suum
1508 1696 1736 1743 tutaban-

323 1789 416 1824 tur.
447 1781 551 1823 Una
571 1777 697 1822 enim
722 1793 831 1839 pars
851 1792 1017 1822 eorum
1054 1775 1243 1820 alternis
1264 1774 1462 1833 vicibus⁷
1487 1791 1670 1838 semper
1691 1775 1736 1819 in

325 1856 560 1902 moenibus
585 1865 725 1918 atque
750 1854 976 1912 turribus,
1002 1863 1049 1899 et
1074 1854 1196 1899 inter
1217 1854 1315 1916 ipsa
1342 1853 1515 1899 moenia
1539 1862 1583 1898 et
1611 1862 1739 1898 ante-

329 1935 509 1981 murale
523 1936 552 1991 ³,
579 1932 655 1978 die
680 1942 921 1994 noctuque
946 1931 1225 1989 excubabat,
1253 1931 1497 1994 explorare
1521 1947 1618 1975 non
1639 1946 1737 1976 ces-

382 2073 418 2108 1.
452 2068 632 2119 Cliapitre
651 2068 830 2118 imprime
846 2067 938 2104 dans
957 2067 1227 2116 l'Amplissimcz
1240 2069 1418 2112 collectio,
1434 2075 1461 2103 t.
1481 2068 1545 2114 IV,
1560 2066 1632 2103 col.
1646 2068 1737 2105 775.

383 2130 420 2165 2.
454 2130 518 2164 Ad
536 2127 629 2164 (lans
651 2127 685 2163 lc
703 2141 773 2165 ms.

385 2188 422 2224 3,
459 2202 475 2218 <c
507 2186 627 2222 listoit
658 2188 805 2234 Nuysse
840 2183 1101 2222 notablement
1128 2185 1261 2222 touree
1289 2184 1336 2221 de
1370 2184 1512 2235 pierres
1547 2183 1593 2220 de
1630 2184 1738 2234 gres,

330 2245 601 2295 puissammeut
624 2246 754 2281 inure‘e
775 2244 821 2281 de
842 2245 946 2282 riche
968 2245 1144 2289 feruleto,
1168 2244 1312 2289 batille,
1334 2244 1518 2294 espaisse,
1538 2252 1575 2280 et
1598 2243 1742 2280 renf0r-

331 2305 396 2340 cc'e
418 2303 465 2340 de
485 2304 599 2339 sortes
620 2304 806 2341 braiesses
827 2308 1026 2355 (parapets
1047 2305 1279 2352 anterieurs)
1302 2303 1554 2342 subtelement
1581 2315 1741 2353 compo-

333 2363 414 2399 sees
435 2362 481 2399 (le
503 2362 626 2412 pierre
647 2373 681 2399 ct
705 2363 750 2399 dc
774 2364 923 2414 brique,
960 2373 996 2401 et
1023 2378 1069 2401 en
1094 2377 1237 2401 aucuns
1263 2364 1380 2409 lieux,
1412 2372 1534 2400 tontes
1558 2362 1604 2398 de
1627 2370 1739 2408 terre,

333 2423 513 2458 tournees
534 2424 552 2457 ἱι
577 2422 748 2459 ‹lessence
778 2437 844 2473 par
876 2422 1037 2461 mirable
1058 2424 1200 2461 artifice
1230 2438 1328 2474 pour
1353 2423 1506 2470 rejetter
1536 2423 1587 2459 les
1611 2420 1742 2458 assail-

334 2481 436 2527 lans3
471 2490 576 2517 entre
612 2481 813 2530 lesquelles
845 2492 880 2519 et
916 2483 1066 2520 lesdicts
1097 2497 1221 2528 uun-s,
1248 2498 1272 2533 y
1295 2484 1399 2520 avoit
1431 2483 1594 2519 certains
1628 2480 1741 2518 sesses

334 2540 434 2576 asses
454 2538 630 2589 pai-fons3
654 2548 690 2575 et
712 2539 758 2574 (lc
779 2540 910 2577 roches
925 2543 1083 2579 estoient
1106 2543 1244 2580 (levant
1263 2543 1433 2580 lesdictes
1452 2542 1586 2591 brayes
1602 2540 1742 2578 aultres

335 2612 448 2650 grans
482 2599 599 2635 sosses
629 2598 839 2636 d'extrcme
869 2602 1119 2651 profomleur,
1142 2603 1256 2640 cinit-s
1285 2604 1338 2640 les
1368 2603 1544 2647 antenus,
1567 2608 1602 2637 et
1623 2598 1742 2649 pleins

335 2656 445 2694 d'eau
471 2660 489 2693 ὲ
515 2666 624 2707 grant
645 2658 823 2709 largesse.
850 2675 866 2691 n
891 2660 1060 2705 molinet,
1090 2662 1330 2710 Clzrfmiques,
1353 2662 1378 2698 l.
1400 2664 1432 2706 1,
1454 2674 1487 2699 c,
1510 2673 1537 2698 1.
