1923 3020
299 282 371 317 108
655 282 991 318 HISTORIARUM
1019 283 1251 318 LUDOVICI
1278 283 1332 317 XI

298 371 506 413 Romana
545 367 809 429 republica,
848 377 892 411 et
934 368 980 411 in
1015 367 1168 427 regnis
1202 368 1402 412 Franciae
1435 376 1480 412 et
1516 369 1685 430 Angliae

294 456 433 506 atque
462 444 560 488 aliis
597 444 831 505 imperiis,
870 444 1035 505 saepius
1070 444 1346 503 contigisse,
1383 453 1477 489 tarn
1509 460 1564 489 ex
1603 461 1686 490 ve-

295 520 468 565 teribus
521 535 662 581 quain
706 535 759 563 ex
809 518 1154 564 recentioribus
1197 519 1404 564 historiis
1450 519 1580 565 facile
1620 532 1687 567 est

291 612 558 658 agnoscere.
589 598 683 640 Cur
707 605 887 651 autem,
912 606 957 640 et
981 595 1068 642 hac
1094 596 1212 654 vice,
1244 596 1336 641 hoc
1357 596 1548 641 minime
1572 613 1681 642 con-

292 672 475 732 tigerit,
515 688 624 716 cum
657 672 901 717 reformari
933 672 980 716 in
1013 672 1180 717 melius
1215 672 1479 734 reipublicae
1513 682 1683 719 statum

288 758 427 810 atque
477 748 710 793 ordinem·
740 749 1087 794 evidentissima
1133 758 1403 811 exposceret
1438 750 1684 796 necessitas

288 834 426 886 atque
461 825 661 878 utilitas,
716 825 841 871 dicat
874 826 953 886 qui
1000 841 1281 870 arcanorum
1320 835 1365 869 et
1396 824 1682 886 judiciorum

288 902 624 964 omnipotentis
658 902 741 945 l)ei
772 902 986 946 conscius
1023 918 1147 958 csse,
1182 910 1227 945 et
1255 901 1485 945 rationem
1518 918 1682 947 eorum

288 977 790 1039 intelligereprzesumit
810 995 819 1033 3
847 993 949 1038 quae
969 975 1182 1021 miranda
1200 976 1392 1037 quidem
1406 975 1544 1021 nobis
1564 993 1680 1031 esse,

285 1063 331 1097 et
355 1070 575 1116 pavorem
602 1055 808 1098 incutere
836 1055 1003 1098 merito
1028 1052 1224 1109 debent,
1261 1062 1333 1111 ut,
1362 1053 1493 1114 juxta
1514 1054 1682 1099 exhor-

286 1130 508 1175 tationem
536 1131 768 1192 Apostoli,
796 1150 817 1173 «
845 1147 953 1175 cum
984 1139 1112 1175 metu
1147 1140 1193 1174 et
1228 1140 1433 1175 tremore
1473 1141 1682 1177 nostram

284 1205 480 1250 salutem
507 1221 776 1267 operemur,
800 1225 820 1246 2>
849 1205 1042 1249 minime
1067 1214 1223 1249 autem
1243 1205 1427 1249 curiose
1452 1204 1682 1252 discutere

283 1280 526 1326 debemus.
575 1285 709 1326 Forte
742 1282 867 1326 enini
896 1281 970 1337 hi,
998 1280 1058 1343 [a]
1083 1280 1255 1342 quibus
1284 1279 1372 1325 hac
1402 1281 1477 1326 via
1500 1283 1682 1328 consuli

283 1359 528 1420 potuisset,
558 1359 737 1420 indigni
762 1368 890 1404 erant
910 1395 921 1417 ,
947 1368 992 1403 et
1016 1368 1111 1403 tarn
1136 1356 1348 1402 moribus
1371 1357 1606 1405 deformes
1629 1376 1683 1406 ac

281 1434 488 1496 reprobi,
517 1445 566 1480 ut
587 1436 753 1480 merito
779 1436 948 1481 talibus
971 1435 1125 1480 adhuc
1146 1433 1337 1496 flagellis
1362 1436 1515 1497 potius
1539 1438 1682 1482 casti-

282 1512 421 1571 gandi
463 1522 602 1574 atque
638 1512 885 1558 erudiendi
921 1522 1110 1571 essent,
1149 1512 1365 1574 qualibus
1405 1529 1487 1575 per
1513 1514 1682 1577 impios

281 1597 491 1649 regentes
526 1598 571 1634 et
611 1589 850 1634 ministros
889 1605 1088 1649 regnum
1127 1589 1327 1650 graviter
1369 1589 1677 1650 atterebatur,

279 1681 419 1726 quain
460 1667 586 1728 pacis
624 1676 668 1711 et
697 1666 882 1728 justitiae
918 1676 1056 1729 atque
1093 1665 1319 1711 libertatis
1357 1666 1553 1712 sanitate
1595 1666 1683 1713 do-

280 1742 440 1787 nandi.
468 1743 649 1799 Quibus
671 1744 812 1789 etiam
844 1744 998 1803 gratiae
1023 1742 1160 1788 donis
1185 1759 1265 1788 eos
1290 1742 1445 1788 forsan
1475 1743 1681 1806 ingratos

278 1818 458 1863 futuros
475 1856 486 1878 ,
512 1830 583 1877 et,
612 1820 722 1882 ipsis
748 1820 989 1865 abutendo
1010 1859 1020 1879 ,
1048 1821 1095 1864 in
1121 1820 1482 1883 depravationes
1507 1831 1551 1866 et
1572 1837 1681 1867 cor-

276 1896 517 1957 ruptiones
541 1897 844 1959 prolapsuros
867 1907 912 1942 et
935 1898 1140 1942 ruituros
1164 1913 1354 1942 morum
1370 1933 1381 1955 ,
1413 1896 1575 1943 oculus
1605 1897 1679 1944 ille

275 1971 485 2017 sublimis
508 1973 676 2019 divinae
706 1973 1013 2019 Providentiae
1037 1973 1336 2036 praevidebat.
1367 1975 1458 2018 Nee
1479 1973 1674 2029 mirum,

275 2048 311 2091 si
343 2065 428 2110 pro
461 2061 652 2112 peccato
685 2061 730 2096 et
759 2051 958 2097 distorta
995 2051 1263 2113 aliquorum
1296 2067 1352 2096 ex
1384 2050 1677 2113 principibus

273 2140 561 2187 suorumque
603 2128 958 2173 consiliatorum
995 2127 1282 2185 intenti0ne,
1317 2135 1498 2171 tantum
1526 2143 1676 2188 quan-

274 2211 402 2257 tum,
446 2204 524 2263 qui
566 2221 661 2249 non
705 2205 831 2250 aliud
876 2221 1019 2267 quam
1056 2204 1245 2266 justitiae
1290 2204 1675 2250 reformationem

272 2278 565 2340 quaerebant,
603 2281 910 2327 intendebant
933 2319 942 2337 ,
983 2281 1164 2326 bonum
1204 2281 1361 2326 divina
1391 2281 1569 2342 justitia
1603 2280 1674 2327 vel

271 2353 494 2399 subtraxit
533 2356 601 2399 vel
641 2359 852 2418 negavit,
887 2374 996 2403 curn
1031 2358 1168 2404 unius
1194 2357 1349 2402 Achan
1376 2366 1569 2420 peccato
1594 2358 1673 2420 qui

269 2429 394 2474 solus
418 2429 476 2473 de
499 2430 794 2476 anatlimnate
813 2433 1016 2491 Jericho,
1041 2433 1342 2479 inscientibus
1363 2449 1555 2495 prorsus
1586 2449 1674 2479 cae-

272 2507 409 2562 teris,
438 2517 641 2552 servarat
663 2544 673 2564 ,
703 2509 856 2566 inulti,
888 2510 1013 2555 bona
1036 2526 1118 2555 sua
1143 2510 1404 2555 intentione
1430 2509 1633 2555 frustrati
1659 2545 1669 2565 ,

270 2590 377 2627 ante
408 2582 639 2627 civitatem
672 2583 752 2626 Hai
791 2582 942 2627 hostili
973 2584 1126 2645 gladio
1161 2585 1374 2629 exstincti
1414 2584 1582 2630 fuerint
1619 2599 1671 2629 ac

269 2658 517 2719 perempti.

336 2736 387 2777 Et
426 2733 522 2779 llaec
556 2751 640 2796 pro
673 2744 801 2779 tanto
835 2734 1035 2778 diximus
1073 2735 1131 2779 ad
1164 2735 1466 2781 refellendam
1502 2735 1669 2780 multo-
