1923 3020
656 220 800 254 LIBER
841 219 1104 257 SECUNDUS.
1508 223 1523 257 1
1536 224 1582 258 59

181 301 421 364 suppliciis
451 303 631 363 affecti3
671 305 731 351 ita
759 316 834 361 ut,
864 306 993 369 quod
1032 307 1144 352 olim
1179 306 1351 352 nobilis
1381 308 1583 370 tragicus

181 388 350 424 cecln1t
377 398 387 423 :

298 489 395 530 Non
417 491 547 532 intrat
570 508 756 550 unquam
782 495 943 553 regium
968 495 1091 537 limen
1115 495 1240 549 fides,

177 610 222 646 et
242 601 353 646 item
376 618 384 645 :

712 668 740 708 J
743 682 816 709 ura
837 668 1053 727 pudorque

356 736 408 777 Et
432 739 615 797 conjugii
638 751 795 781 sacrata
819 739 921 781 fides

354 807 538 866 Fugiunt
561 810 690 852 aulas.

176 931 218 965 et
259 920 394 984 plura
427 921 780 983 hujuscemodi,
820 922 959 985 hujus
997 920 1221 985 principis
1258 923 1576 985 temporibus,

177 1014 319 1060 quam
345 1016 454 1045 vera
477 1000 589 1057 sini,
617 1001 797 1046 cunctis
820 999 1165 1045 exidentissime
1186 1000 1403 1061 patuerit.

242 1075 414 1122 Videns
444 1077 541 1140 ipse
573 1078 730 1140 itaque
762 1076 892 1138 quod
925 1075 983 1121 de
1014 1075 1134 1120 duce
1165 1075 1437 1134 Britanniae,
1471 1094 1578 1124 cum

174 1169 269 1214 quo
301 1154 428 1216 apud
461 1155 725 1200 Cadomum
758 1154 913 1217 plures
946 1153 1044 1198 dies
1078 1151 1235 1197 festive
1266 1162 1576 1216 transegerat,

173 1245 366 1276 securus
399 1241 496 1277 erat
530 1231 660 1294 quod
694 1231 821 1277 fratri
853 1246 938 1277 suo
971 1228 1253 1275 auxiliorum
1285 1228 1451 1276 solatia
1492 1233 1579 1276 mi-

174 1306 300 1352 nime
331 1318 450 1354 esset
483 1308 783 1372 praebiturus,
821 1306 1031 1353 similiter
1063 1306 1205 1352 etiam
1236 1323 1389 1370 neque
1419 1324 1578 1356 comes

173 1383 232 1429 de
260 1384 517 1443 Chal-olois,
546 1387 625 1449 qui
651 1387 696 1430 in
726 1384 1026 1448 expeditione
1051 1383 1275 1429 adversus
1300 1384 1578 1432 Leodienses

172 1461 280 1507 satis
309 1472 565 1525 occupatus
594 1471 691 1508 erat
719 1464 941 1525 (quorum
972 1460 1193 1506 adversus
1223 1476 1328 1506 eum
1354 1462 1576 1510 odiorum

173 1547 383 1583 veterum
408 1539 545 1597 faces,
562 1539 659 1601 jam
677 1539 820 1601 longo
845 1538 971 1601 pacis
996 1538 1091 1583 otio
1118 1539 1331 1601 sopitas¹,
1351 1540 1578 1588 excitave-

171 1615 290 1676 rat),
319 1624 369 1660 ut
398 1615 742 1677 Rothomagum
780 1613 950 1660 urbem
989 1614 1358 1676 constringeret,
1399 1616 1443 1661 in
1485 1632 1577 1680 qua

170 1708 280 1737 suus
300 1709 548 1754 germanus
571 1701 686 1748 erat,
714 1691 945 1755 oppidum
972 1691 1330 1751 Pontis-Archae,
1352 1691 1432 1737 ubi
1450 1693 1575 1739 idem

171 1784 419 1828 germanus
433 1769 587 1832 aliqua
603 1769 805 1814 militum
823 1766 1035 1831 praesidia
1052 1767 1303 1827 locaverat,
1327 1768 1575 1815 obsidione

170 1844 355 1903 cinxit⁹‚
377 1847 485 1892 salis
511 1862 679 1909 aspero
707 1855 919 1909 tempore
942 1854 989 1890 et
1012 1845 1306 1908 importuno,
1328 1862 1489 1891 mense
1512 1847 1575 1891 vi-

169 1922 337 1968 delicet
355 1923 610 1985 januario²³.

235 2002 354 2045 Cum
385 2016 497 2046 vero
525 1999 724 2045 obsessis
754 1998 882 2044 nulla
907 2015 1012 2062 spes
1041 2008 1253 2044 maneret
1276 2015 1523 2046 succursus
1547 2016 1572 2046 a

170 2093 413 2139 quoquam
441 2078 606 2123 solatia
630 2075 970 2138 consequendi,
1000 2076 1207 2138 optimus
1231 2075 1306 2121 ille
1332 2076 1569 2140 princeps,

221 2211 257 2248 ’1.
287 2212 468 2246 L⁷auteur
496 2208 623 2246 oublie
654 2208 745 2258 qu'il
775 2222 796 2245 a
829 2208 882 2245 dit
909 2208 945 2245 le
974 2208 1161 2245 contraire
1186 2208 1278 2245 dans
1310 2208 1502 2246 l’Histoire
1524 2209 1571 2246 de

173 2268 327 2305 Charles
347 2272 436 2309 Vll.
459 2272 484 2308 l.
502 2272 547 2315 V,
570 2282 602 2305 c.
627 2282 690 2305 xv,

219 2329 255 2363 2.
288 2328 318 2364 Il
339 2328 404 2378 n'y
424 2337 488 2365 eut
508 2325 692 2377 d'assiege
717 2339 791 2376 que
821 2326 855 2363 le
883 2325 1041 2363 chalteau
1067 2325 1114 2362 de
1142 2323 1506 2373 Pont-de-I'Arclxe3
1534 2326 1569 2364 13

165 2386 255 2423 ville
283 2387 337 2423 fut
367 2386 433 2423 des
466 2387 500 2424 le
527 2391 548 2423 9
584 2386 735 2433 janvier
761 2398 809 2422 au
840 2384 1002 2435 pouvoir
1031 2383 1082 2420 du
1107 2383 1165 2420 roi
1194 2396 1264 2434 par
1290 2397 1364 2420 une
1389 2385 1568 2422 nouvelle

165 2445 332 2482 trahison
353 2448 399 2482 de
418 2446 532 2482 Louis
552 2445 706 2483 Sorbier
720 2474 729 2490 ,
756 2443 790 2481 le
812 2446 934 2480 meme
958 2443 1023 2493 qui
1049 2443 1149 2479 avait
1171 2450 1250 2479 tant
1273 2443 1471 2480 contributi
1493 2448 1512 2480 ἐι
1532 2444 1567 2481 13

163 2503 263 2552 prise
284 2504 330 2540 ‹le
356 2506 489 2540 Rouen
512 2512 548 2540 et
575 2505 593 2539 ὲ
622 2503 837 2539 l'elevation
861 2503 911 2539 (lu
935 2502 1007 2539 duc
1030 2502 1077 2539 de
1096 2501 1328 2539 Normandie
1358 2515 1404 2539 en
1429 2503 1568 2540 livrant

163 2563 351 2600 Pontoise.
372 2562 506 2599 Arrcte
526 2575 595 2612 par
612 2561 665 2598 les
683 2575 774 2612 gens
791 2561 952 2598 ‹l’armes
972 2561 1023 2598 du
1040 2561 1112 2608 roi,
1135 2561 1160 2597 il
1179 2561 1312 2598 acheta
1332 2574 1371 2598 sa
1388 2564 1499 2612 grace
1518 2575 1566 2598 en

165 2630 369 2670 procurant
389 2621 472 2659 leur
492 2622 619 2659 entree
637 2620 731 2659 dans
755 2621 790 2658 la
809 2620 913 2659 ville.
935 2620 1076 2660 Chron.
1100 2619 1249 2666 scand.,
1265 2622 1318 2656 acl
1335 2633 1424 2658 ann.
1444 2622 1563 2658 1465.

217 2683 253 2720 3.
287 2682 400 2721 1466.
