1923 3020
737 271 880 306 LIBER
905 272 1170 309 SECUNDUS.
1580 273 1597 307 1
1607 273 1655 309 23

257 355 456 416 regiam,
496 356 541 400 in
580 371 674 418 qua.
712 372 790 401 rex
828 367 953 415 erat,
993 367 1037 403 et
1076 359 1345 405 transmissa
1383 360 1654 420 Sequana¹,

256 445 405 480 castra
429 452 510 481 sua
535 436 703 481 locavit
728 453 887 482 comes
912 437 970 483 de
995 438 1236 483 Clearolois
1255 455 1403 502 prope
1430 447 1659 484 monaste-

256 511 378 556 rium
411 512 792 572 Sancti-Mauri&
836 531 966 560 more
1004 515 1139 577 periti
1170 516 1398 560 exercitus
1433 515 1565 561 ducis
1605 529 1659 559 ea

256 585 377 631 vallo
418 595 462 630 et
502 587 741 645 curribus,
775 606 894 651 quos
929 590 1156 652 plurimos
1197 590 1426 647 habebat,
1467 589 1661 635 solerter

255 662 602 707 communiens.
648 666 752 709 Dux
793 681 904 711 vero
942 666 1187 711 Britonum
1236 683 1344 712 cum
1381 667 1476 711 suis
1512 666 1660 729 copiis

255 735 412 780 villam
434 737 826 801 Sancti-Dionysii
852 755 938 802 pro
962 739 1122 784 castris
1145 739 1373 798 habebam
1407 740 1482 785 cui
1514 740 1661 785 socia-

253 812 428 858 bantur
450 812 526 857 alii
551 814 809 878 principes,
840 831 958 878 saepe
980 831 1036 860 ex
1062 815 1163 861 aliis
1189 816 1247 861 ad
1271 817 1360 862 alia
1387 833 1481 861 suae
1505 816 1662 862 factio-

253 888 325 933 nis
344 898 492 934 castra
522 899 830 937 transeuntes.
856 892 988 936 Vires
1012 901 1168 936 tamen
1200 901 1246 937 et
1271 893 1483 954 potentia
1515 893 1661 954 majo-

254 980 328 1009 res
359 965 511 1010 multo
535 966 579 1011 in
605 968 766 1013 castris
790 977 834 1013 et
866 967 1070 1013 exercitu
1106 968 1290 1013 comitis
1321 968 1380 1014 de
1421 968 1662 1013 Charoloz's

255 1050 408 1085 erant.

320 1120 427 1162 Erat
468 1118 624 1181 itaque
648 1135 726 1164 rex
751 1119 870 1164 intra
904 1118 1070 1164 urbem
1110 1135 1242 1164 suam
1279 1120 1475 1180 regiam,
1503 1118 1661 1165 multis

254 1203 542 1239 armatorum
566 1196 759 1258 stipatus
789 1196 1015 1253 millibus3
1049 1196 1285 1259 principes
1306 1212 1419 1241 vero
1454 1196 1661 1259 praedicti

254 1286 309 1315 ex
341 1286 436 1316 una
468 1280 651 1316 tantum
689 1272 895 1317 fluminis
937 1282 1068 1335 parte
1108 1283 1260 1319 castra
1301 1274 1463 1318 metati
1504 1284 1656 1319 erant.

254 1349 374 1392 Cum
407 1347 578 1410 quibus
614 1347 674 1393 ad
709 1358 946 1394 certamen
986 1349 1236 1411 congredi,
1270 1351 1411 1412 signis
1451 1350 1655 1405 collatis,

253 1439 340 1469 nec
370 1425 668 1483 consultum,
696 1441 783 1470 nec
808 1426 914 1470 satis
939 1435 1092 1471 tutum
1117 1426 1203 1471 sibi
1233 1444 1311 1472 rex
1346 1426 1655 1473 existimabat.

253 1503 506 1547 Nutantem
531 1501 658 1547 enim
682 1501 938 1547 multorum
953 1501 1101 1548 fidem
1126 1513 1222 1549 erat
1247 1513 1492 1567 expertum
1521 1503 1660 1567 longe

254 1593 364 1622 vero
392 1578 626 1640 plurium,
665 1594 752 1624 nec
789 1588 1046 1624 mutantem
1081 1580 1304 1642 quidem,
1333 1580 1411 1626 sed
1440 1581 1661 1645 principi·

255 1653 343 1699 bus
379 1654 548 1700 affectu
583 1654 902 1700 adhaerentem
931 1656 1038 1701 satis
1064 1657 1325 1719 suspicatus
1354 1675 1362 1701 :
1404 1658 1659 1720 praesertim

255 1731 317 1777 ob
355 1732 505 1777 fratris
537 1733 606 1776 sui
643 1733 938 1795 praesentiam
966 1733 1069 1796 qui,
1098 1733 1161 1778 ob
1196 1733 1244 1778 id
1268 1733 1399 1796 quod
1425 1734 1659 1796 quodam-

252 1808 400 1853 modo
427 1808 475 1853 in
510 1824 592 1854 sua
625 1809 806 1872 egregia
833 1809 994 1855 indole
1028 1810 1174 1873 patris
1198 1810 1426 1855 referebat
1450 1810 1657 1873 pruden-

252 1884 364 1929 tiam
387 1894 433 1930 et
456 1884 729 1945 gravitatem
744 1920 755 1939 ,
782 1884 953 1930 charus
977 1885 1239 1931 admodum
1263 1885 1475 1949 plurimis
1512 1885 1659 1932 habe-

251 1959 405 2006 batur.

320 2044 480 2086 Fertur
502 2041 641 2086 etiam
677 2040 807 2103 quod
847 2041 1007 2086 omnia
1045 2058 1124 2087 rex
1163 2050 1319 2103 ageret
1357 2058 1412 2087 ex
1442 2041 1657 2087 consulto

254 2118 512 2163 Francisci3
528 2154 538 2173 ‚
568 2127 680 2163 tunc
701 2118 1062 2163 Mediolanensis
1087 2118 1241 2177 ducis,
1268 2119 1354 2164 viri
1376 2135 1532 2164 rerum
1562 2118 1658 2165 bel-

251 2193 448 2239 licarum
476 2204 544 2252 et,
576 2211 679 2256 quae
714 2194 760 2239 in
785 2194 964 2240 eisdem
994 2194 1132 2240 rebus
1169 2211 1289 2258 saepe
1321 2196 1566 2259 practicari
1590 2213 1659 2243 as-

252 2270 426 2329 solent,
469 2280 850 2333 stratagematum
890 2271 1053 2333 procul
1093 2271 1239 2316 dubio
1276 2273 1582 2334 expertissimi
1613 2282 1658 2318 et

305 2446 342 2482 1.
370 2443 399 2481 Il
420 2443 584 2481 faudrait
604 2446 783 2481 Alam-ona
802 2457 849 2482 au
866 2445 942 2482 lieu
961 2445 1007 2482 de
1026 2445 1215 2494 Sequana.
1236 2444 1479 2494 L’operation
1501 2444 1550 2481 du
1572 2456 1658 2494 pas-

252 2515 340 2553 sage
363 2502 409 2538 de
429 2502 465 2538 la
485 2503 595 2539 Scine
615 2503 704 2539 etait
723 2503 805 2550 dcja
829 2503 1010 2540 ancienne
1028 2512 1063 2540 et
1083 2504 1170 2540 saite
1192 2504 1269 2540 loin
1289 2504 1335 2540 de
1356 2504 1475 2542 Paris.
1496 2503 1575 2540 Elle
1592 2511 1656 2539 eut

251 2561 325 2598 lieu
346 2561 380 2598 le
403 2565 424 2598 ὃ
444 2564 532 2598 aout
553 2564 574 2598 ὸ
593 2565 730 2601 Movet.
749 2566 801 2599 La
820 2565 951 2599 Marne
974 2562 1027 2599 fut
1048 2563 1178 2613 passee
1200 2563 1235 2600 le
1254 2565 1304 2599 ΞΟ
1323 2564 1412 2600 aofit
1432 2577 1480 2601 au
1500 2571 1592 2614 pont
1608 2563 1656 2600 de

250 2620 478 2658 Charenton.
502 2620 659 2671 Lengiet
678 2621 904 2670 Dufreanv,
932 2624 1150 2669 Commines,
1174 2630 1198 2658 t.
1222 2625 1273 2668 11,
1296 2636 1334 2672 p.
1359 2624 1448 2658 184.

304 2681 340 2715 2.
371 2682 400 2715 A
423 2679 661 2716 Saint-Maur
681 2680 734 2716 les
754 2680 898 2717 Fosses.

304 2739 339 2775 3.
373 2738 550 2787 Francois
574 2738 716 2778 Ssorce.
741 2742 835 2788 Voy.
860 2739 1068 2785 ci-dessus‚
1095 2754 1131 2789 p.
1157 2742 1220 2778 95.
