1923 3020
210 262 286 298 200
576 260 917 298 HISTORIARUM
945 261 1182 298 LUDOVICI
1208 263 1265 298 XI

211 360 255 396 et
278 346 545 396 concordiae
569 347 770 394 invicem
798 348 962 411 juratae
985 350 1158 414 pignus
1181 351 1377 416 cupiens
1401 351 1622 401 exhibere

211 433 352 486 atque
399 430 637 466 ostentare
685 423 1064 485 permaximum,
1104 424 1165 471 ad
1211 426 1623 474 exterminandum

210 501 335 564 ipsos
362 499 560 544 miseros
588 499 873 546 Leodienses
903 502 1176 548 societatem
1210 503 1364 550 facere
1392 503 1543 550 voluit
1571 520 1625 551 ac
1681 495 1685 498 ⁵

211 576 432 622 decrevit.
461 578 518 622 Et
542 575 601 621 de
624 575 718 622 hoc
741 577 936 640 quidem
961 579 1156 626 minime
1179 597 1206 627 a
1232 581 1624 645 Burgundionum

209 652 464 715 rogabatur
510 652 655 710 duce,
692 655 775 716 qui
807 655 948 700 etiam
982 666 1145 720 optare
1189 659 1346 722 potius
1379 657 1625 705 dicebatur

210 741 276 790 ut,
314 730 519 795 propriis
552 732 744 777 servatis
777 730 974 793 finibus,
1007 733 1067 780 de
1097 751 1151 781 ea
1179 751 1229 780 re
1264 752 1360 781 non
1395 752 1493 782 sese
1520 736 1624 782 fati-

209 817 387 872 gasset,
440 818 707 871 suspectam
754 825 941 873 semper
994 812 1093 873 ejus
1142 811 1287 857 fidem
1331 812 1624 876 infidamque

208 901 526 948 cognoscens3
555 885 635 931 sed
659 902 755 931 non
779 903 836 933 eo
859 888 1028 946 minus,
1059 899 1109 934 ut
1131 906 1327 936 omnem
1351 890 1410 937 de
1435 908 1482 937 se
1502 891 1626 937 diffi-

209 963 420 1009 dentiam
456 962 717 1009 tollendam
748 964 1150 1030 rejiciendamque
1186 967 1497 1031 approbaret,
1538 969 1625 1014 im-

209 1049 413 1104 portune
437 1039 638 1084 nimium
663 1039 723 1085 ad
749 1056 853 1086 eam
877 1057 976 1087 rem
1002 1059 1050 1088 se
1074 1043 1307 1105 ingessit¹.

273 1117 469 1180 Trajecit
501 1118 659 1180 itaque
691 1118 1084 1180 Burgundionum
1118 1120 1215 1165 dux
1244 1120 1435 1167 illustris
1466 1122 1627 1185 copias

209 1193 269 1240 ad
306 1193 433 1240 illam
469 1194 835 1254 tumultuosam,
882 1195 1175 1259 foedifragam
1208 1206 1349 1260 atque
1388 1198 1626 1261 perjuram

210 1270 493 1317 Eburonum
517 1270 682 1316 urbem
709 1271 957 1331 Leodium,
985 1289 1011 1319 a
1035 1290 1142 1336 rege
1166 1277 1456 1320 Francorum
1480 1277 1626 1321 comi-

212 1359 333 1396 tatus
363 1359 407 1395 et
432 1350 657 1404 sociatus,
686 1367 795 1395 cum
823 1367 968 1414 parva
993 1361 1152 1397 tamen
1177 1368 1321 1398 manu
1351 1371 1359 1398 z
1388 1370 1499 1399 nam
1530 1371 1627 1400 non

213 1428 336 1474 ultra
360 1438 592 1473 trecentas
616 1428 804 1474 lanceas
834 1446 996 1475 secum
1026 1429 1151 1475 idem
1182 1447 1263 1476 rex
1293 1431 1485 1477 traxisse
1512 1431 1628 1478 fere-

211 1505 366 1564 batur,
392 1506 567 1551 caeteris
592 1507 741 1569 copiis
761 1507 856 1552 suis
876 1507 922 1552 in
948 1524 1095 1569 regno
1116 1509 1304 1554 relictis.
1331 1511 1450 1555 Cum
1471 1519 1629 1555 autem

212 1583 272 1630 ad
305 1582 463 1628 locum
496 1599 645 1646 usque
678 1583 811 1629 ducis
839 1585 1070 1631 exercitus
1101 1585 1424 1650 applicuisset,
1463 1585 1630 1632 urbem

212 1661 363 1724 ipsam
399 1660 731 1720 circumcirca,
762 1677 825 1706 ‘ex
864 1661 1009 1709 altera
1041 1665 1222 1709 tamen2
1254 1673 1386 1727 parte
1423 1663 1632 1709 fluminis

214 1741 383 1796 Mosae,
426 1738 587 1784 castris
626 1748 670 1783 et
703 1738 861 1785 valida
900 1738 1151 1785 obsidione
1189 1741 1359 1800 cinxit3
1398 1750 1495 1787 tam
1528 1741 1630 1805 ipso

215 1831 360 1879 quam
396 1831 504 1877 rege
539 1815 586 1860 in
622 1814 906 1862 suburbanis
940 1817 1084 1880 ipsius
1119 1817 1278 1877 urbis,
1321 1835 1419 1863 non
1451 1828 1631 1864 remote

216 1910 243 1939 a
286 1910 334 1939 se
374 1893 604 1952 invicem,
653 1893 862 1957 hospitio
905 1896 1123 1959 receptis.
1171 1899 1277 1941 Erat
1317 1897 1445 1942 enim
1480 1895 1631 1941 hiems

212 1971 309 2033 jam
358 1971 466 2016 satis
518 1986 684 2035 aspera
709 2007 720 2030 ‚
781 1970 888 2016 finis
940 1972 1115 2018 scilicet
1167 1974 1341 2019 mensis
1389 1972 1596 2018 octobris
1616 2010 1627 2032 ,

217 2065 345 2095 anno
377 2065 540 2094 wan.

283 2129 333 2170 In
362 2112 454 2189 qua
478 2125 729 2172 obsidione
759 2143 867 2172 cum
888 2128 1051 2191 paucis
1070 2127 1239 2174 diebus
1263 2125 1499 2192 principes
1522 2128 1629 2193 ipsi,

274 2288 309 2325 1.
344 2287 559 2324 Comniines
584 2287 775 2340 temoigne
795 2300 870 2338 que
890 2288 924 2325 le
951 2287 1024 2325 duc
1049 2287 1096 2325 de
1118 2290 1348 2339 Bourgogne
1372 2288 1412 2324 fit
1431 2288 1633 2328 lui-meme

220 2359 268 2383 au
300 2344 355 2381 roi
386 2345 422 2381 la
446 2347 681 2396 proposition
710 2347 756 2385 de
780 2348 815 2384 le
841 2347 970 2385 suivre
992 2349 1011 2384 {1
1030 2347 1166 2398 Libge,
1188 2355 1225 2384 et
1244 2348 1323 2384 cela
1345 2347 1439 2384 dans
1469 2362 1519 2385 un
1548 2362 1633 2385 ino-

221 2414 324 2444 mcnt
340 2407 390 2442 οὺ
409 2418 484 2442 une
504 2406 633 2455 parole
655 2409 674 2442 a
695 2421 736 2444 ce
756 2407 854 2453 sujet
874 2407 963 2444 etait
983 2420 1033 2443 un
1054 2406 1400 2444 connnandement.
1422 2410 1506 2444 Une
1527 2416 1634 2446 autre

219 2465 400 2511 relation,
417 2464 570 2515 publice
591 2479 659 2515 par
678 2467 837 2517 Lenglet
856 2468 1076 2517 Dusresnoy
1089 2466 1182 2503 dans
1199 2479 1267 2503 son
1287 2466 1430 2503 c'dition
1451 2466 1498 2504 de
1521 2470 1634 2505 Com-

221 2525 356 2572 mines‚
380 2523 505 2561 donne
526 2523 736 2561 l'initiative
754 2539 801 2561 au
820 2527 900 2573 roi,
926 2527 1018 2564 mais
1039 2540 1085 2563 cn
1107 2525 1276 2573 ajoutant
1296 2539 1369 2576 que
1390 2540 1431 2563 ce
1452 2528 1508 2564 sut
1527 2527 1573 2563 de
1595 2539 1635 2564 sa

222 2592 307 2635 part
334 2597 384 2620 un
415 2592 659 2621 mouvemcnt
688 2584 950 2632 irwonsiddrb,
982 2586 1075 2623 dont
1098 2586 1124 2623 il
1154 2599 1193 2622 se
1223 2586 1385 2636 rcpcntit.
1413 2586 1569 2624 aussitot
1599 2594 1635 2623 et

223 2657 288 2681 sur
308 2643 434 2693 lequel
459 2643 494 2679 le
523 2642 596 2680 duc
621 2656 669 2679 ne
696 2643 749 2680 lui
776 2645 914 2694 permit
940 2659 1006 2695 pas
1026 2645 1073 2683 de
1093 2644 1260 2682 revenir.
1288 2647 1339 2682 La
1358 2654 1413 2683 est
1433 2644 1636 2696 probable-

223 2711 327 2740 ment
348 2704 381 2740 la
402 2702 535 2739 ve'rite.

276 2763 314 2800 2.
345 2762 523 2813 Corrigez
542 2771 698 2799 tantam.
