1923 3020
718 293 863 329 LIBER
903 292 1171 331 SECUNDUS.
1575 293 1645 329 201

242 397 321 426 rex
345 380 519 426 scilicet
544 390 682 443 atque
705 380 824 440 dux,
851 381 1185 444 perstitissent,
1212 383 1512 446 eruptionem
1535 398 1652 428 noc-

243 466 430 502 turnam
455 458 536 520 qui
560 458 683 503 intus
709 467 859 517 erant,
890 475 1064 521 magno
1089 459 1198 505 satis
1224 459 1385 505 animo
1410 458 1653 522 prudenti-

242 550 334 597 que
359 533 580 591 consilio,
608 535 812 597 cogitare
840 545 980 598 atque
1005 536 1194 599 aggredi
1218 537 1317 583 ausi
1341 546 1468 582 sunt.
1496 539 1651 593 Quam

243 611 456 674 profecto
498 611 535 656 si
574 621 667 657 tam
704 612 968 671 efficaciter,
1009 614 1075 659 uti
1107 624 1335 678 concepta
1370 624 1415 659 et
1452 614 1574 660 inter
1604 631 1653 661 se

244 687 464 734 condicta
483 687 649 749 fuerat,
672 691 957 736 exsecutioni
976 690 1266 737 demandare
1291 702 1548 751 curassent,
1573 709 1654 738 eos

244 779 271 809 a
304 773 432 808 metu
469 781 564 826 quo
597 766 950 828 premebantur,
983 776 1028 811 et
1059 767 1199 812 minis
1233 777 1327 813 tam
1360 769 1481 829 regis
1511 784 1652 830 quam

245 840 638 903 Burgundionum
659 842 808 903 ducis,
836 859 1026 889 securos
1043 842 1242 889 reddere
1263 845 1506 908 potuisset.
1536 848 1656 891 Con-

245 917 461 964 dixerant
482 919 608 964 enim
633 919 755 965 inter
778 937 826 966 se
843 920 1027 966 circiter
1052 930 1257 983 quatuor
1280 922 1426 967 millia
1441 923 1652 968 virorum

245 1011 299 1040 ex
318 994 515 1055 civibus,
541 996 586 1040 in
607 996 812 1042 tenebris
830 1007 875 1042 et
891 997 1055 1042 mediae
1073 996 1258 1042 silentio
1275 999 1443 1057 noctis,
1466 1015 1490 1044 e
1507 999 1655 1062 portis

246 1081 291 1118 et
310 1071 435 1118 vallo
457 1073 654 1118 civitatis
677 1073 1047 1137 erumpere,‘ubi
1066 1073 1219 1119 nullas
1239 1083 1317 1119 aut
1338 1090 1464 1120 raras
1485 1076 1656 1122 sentie-

245 1149 361 1196 bant
383 1150 591 1195 hostium
613 1151 849 1197 custodias
871 1168 991 1209 esse,
1019 1161 1065 1197 et
1086 1168 1171 1215 per
1189 1151 1350 1197 vineas
1370 1161 1414 1197 et
1438 1152 1655 1215 quaedam

246 1227 371 1272 invia
398 1227 506 1272 satis
537 1243 700 1291 aspera
731 1227 833 1274 loca
857 1227 943 1273 sibi
971 1238 1107 1283 nota,
1140 1227 1356 1274 hostibus
1379 1245 1493 1274 vero
1523 1230 1656 1276 inco-

247 1304 390 1366 gnita,
419 1303 479 1349 ad
502 1303 606 1349 loca
626 1320 774 1367 usque
793 1304 1178 1350 suburbanorum
1198 1314 1462 1369 penetrare,
1485 1306 1531 1351 in
1553 1307 1657 1369 qui-

246 1379 336 1426 bus
381 1396 537 1442 regem
574 1391 712 1444 atque
752 1382 923 1427 ducem
957 1382 1169 1428 sciebant
1201 1382 1476 1429 collocatos.
1514 1386 1571 1429 Et
1606 1383 1656 1429 id

246 1456 441 1519 quidem
481 1468 676 1519 egerunt
715 1475 768 1503 ex
808 1459 918 1522 ipsis
952 1459 1135 1505 circiter
1171 1459 1503 1523 quadringenti
1540 1460 1653 1521 viri,

170 1597 182 1608 ο
248 1534 563 1580 existimantes
594 1535 653 1580 ad
685 1535 845 1581 locum
881 1552 976 1599 quo
1004 1535 1229 1599 hospitati
1266 1537 1378 1582 dicti
1419 1538 1658 1601 principes

247 1620 405 1669 erant,
440 1629 524 1675 per
553 1613 708 1658 varios
734 1613 888 1659 aditus
917 1623 1057 1676 atque
1082 1614 1252 1660 limites
1279 1614 1339 1660 ad
1368 1614 1561 1676 horam,
1590 1616 1659 1661 uti

247 1688 522 1734 condictum
563 1689 738 1749 fuerat,
775 1689 950 1736 debere
989 1700 1179 1737 caeteros
1217 1707 1519 1739 concurrere.
1565 1694 1660 1750 Qui

248 1766 477 1812 indicium
502 1767 725 1812 nocturni
747 1767 1074 1813 excubitorum
1097 1768 1230 1814 verbi
1255 1769 1452 1816 scientes
1479 1770 1659 1833 (ipsum

249 1843 376 1888 enim
407 1843 573 1889 callide
596 1861 680 1908 per
703 1854 855 1890 certos
885 1844 1206 1908 exploratores
1235 1846 1540 1909 didicerant),
1578 1847 1658 1894 illo

250 1919 427 1965 indicio
451 1920 615 1983 adjuti,
644 1922 927 1967 transmissis
952 1923 1197 1968 nocturnis
1220 1923 1463 1982 custodiis,
1491 1923 1551 1970 ad
1575 1924 1661 1969 do-

251 2013 355 2042 mos
375 2014 523 2060 usque
548 1999 667 2060 regis
690 2008 734 2044 et
757 1997 890 2044 ducis
914 2009 1240 2061 penetrarunt.
1270 2003 1321 2045 In
1346 2000 1519 2062 quibus
1542 2017 1660 2046 non·

250 2075 408 2121 nullos
438 2075 496 2121 de
526 2076 769 2138 utriusque
801 2076 1094 2140 principibus
1124 2076 1476 2123 excubitoribus
1509 2094 1660 2142 prope

251 2153 510 2212 coenacula,
537 2153 583 2197 in
609 2151 782 2215 quibus
806 2152 1116 2211 accubabant,
1146 2153 1439 2200 occiderunt.

321 2227 387 2274 Ad
417 2245 561 2291 quem
590 2228 846 2274 tumultum
876 2239 1198 2289 accurrentes,
1234 2231 1315 2293 qui
1344 2230 1523 2294 vigilias
1552 2247 1661 2294 age-

252 2305 384 2362 bant,
409 2306 468 2352 de
486 2306 788 2370 stipatoribus
807 2315 851 2351 et
876 2307 1088 2370 corporis
1111 2307 1406 2366 custodibus,
1427 2318 1524 2354 tam
1543 2309 1663 2370 regis

253 2400 397 2446 quam
411 2384 561 2441 ducis,
578 2385 703 2447 ipsos
716 2384 951 2447 principes
965 2400 991 2429 a
1004 2384 1141 2430 caedis·
1155 2385 1366 2448 periculo
1381 2385 1658 2431 liberarunt.

254 2462 376 2519 Qui,
412 2461 579 2525 procul
613 2461 790 2521 dubiO,
822 2462 911 2508 nisi
946 2470 1126 2508 mature
1156 2463 1216 2509 ad
1249 2463 1495 2509 ferendum
1533 2463 1665 2508 auxi-

256 2539 369 2584 lium
394 2538 715 2595 advolassent,
743 2539 1050 2584 verisimiliter
1077 2540 1305 2603 perempti
1333 2539 1551 2599 fuissent3
1582 2540 1665 2585 sed

257 2633 365 2661 cuin
392 2615 598 2661 clamore
622 2616 800 2676 ingenti
823 2617 981 2674 exciti,
1011 2617 1152 2662 armis
1178 2617 1271 2662 suis
1295 2617 1532 2673 instructi,
1562 2617 1666 2680 plu-

259 2693 363 2738 rimi
386 2691 731 2751 adventassent,
759 2710 923 2739 omnes
943 2693 1008 2739 illi
1028 2694 1231 2740 audaces
1253 2694 1502 2739 Eburones
1523 2694 1667 2740 ferme

260 2770 491 2833 perempti
534 2770 841 2832 exstinctique
889 2770 1032 2817 fuere.
1077 2773 1294 2827 Quorum
1335 2770 1580 2816 audaciam
1629 2770 1665 2816 si
