1923 3020
300 269 349 303 80
657 266 994 302 HISTORIARUM
1022 268 1257 303 LUDOVICI
1288 270 1342 303 XI

300 354 358 400 ad
394 368 535 398 unam
571 352 745 398 duasve
779 351 959 412 leucas,
1005 353 1251 414 transitum
1290 354 1602 414 invenissent,
1638 357 1697 402 ad

299 440 390 475 tres
416 429 621 491 primum
645 430 1037 491 circumquaque,
1067 429 1239 475 deinde
1264 429 1323 475 ad
1347 441 1527 494 septem
1552 447 1699 494 usque

298 505 474 564 leucas,
503 522 586 568 per
610 515 777 562 terras,
806 522 943 550 suum
968 522 1146 550 novum
1170 507 1365 569 vectigal
1388 508 1673 571 prorogavit.

367 584 419 626 Et
438 597 547 626 cum
565 581 612 626 id
630 580 1016 627 clementissimus
1034 599 1115 628 rex
1135 583 1346 642 faciebat,
1370 600 1534 645 guerra
1556 601 1701 631 arma·

299 674 391 721 que
418 658 626 720 undique
657 659 704 703 in
734 675 880 721 regno
913 668 955 705 et
989 659 1310 722 adjacentibus
1343 662 1474 707 terris
1501 661 1701 709 silebant

299 745 439 799 atque
469 735 800 798 quiescebant,
834 753 919 781 nec
956 735 1057 781 ulli¹
1089 738 1286 783 omnino
1327 738 1591 784 necessitati
1630 739 1701 785 vel

298 812 511 877 periculo
532 829 728 875 regnum
752 822 863 858 tunc
884 823 981 859 erat
1002 815 1314 877 suppositum,
1335 816 1423 861 nisi
1440 833 1581 879 quam
1604 817 1702 880 ipse

299 889 386 935 sibi
411 888 536 935 velut
561 889 620 935 ab
644 889 803 936 inferis
827 889 1086 937 redivivam
1109 892 1342 938 excitaret.

730 1119 1066 1163 CAPITULUM
1101 1120 1262 1162 XXIII.

412 1258 463 1289 De
479 1255 622 1289 luitioue
638 1262 807 1288 terrarum
826 1253 993 1287 Picardiae
1009 1262 1041 1287 et
1058 1266 1177 1287 earum
1194 1254 1257 1288 sub
1281 1253 1410 1299 regiam
1426 1252 1592 1287 ditionem

888 1308 1115 1342 restitutione.

367 1433 551 1480 Talibus
584 1433 723 1495 igitur
752 1432 827 1495 pie
857 1442 902 1477 et
927 1434 1050 1494 juste
1081 1431 1141 1478 ab
1174 1448 1231 1477 eo
1260 1432 1515 1495 propositis
1541 1432 1704 1479 edictis

306 1512 491 1573 (contra
530 1526 629 1571 quae
673 1509 829 1554 nullus
867 1518 981 1554 tunc
1020 1509 1214 1571 gannire
1252 1518 1580 1572 praesumeret,
1621 1509 1704 1556 sed

304 1588 496 1652 pariter²
529 1602 635 1632 suas
668 1586 827 1649 potius
858 1585 1049 1648 injurias
1080 1585 1265 1631 silentio
1296 1602 1537 1650 premere,
1575 1596 1703 1633 metu

304 1673 528 1721 terrente,
562 1679 727 1708 omnes
761 1663 934 1726 pariter
972 1662 1304 1725 cogerentur),
1337 1662 1511 1708 coactis
1543 1662 1705 1725 hujus-

303 1741 506 1800 cemodi,
531 1756 645 1802 quas
667 1740 984 1803 praediximus,
1010 1739 1207 1798 artibus,
1234 1738 1705 1803 quadringentis-mil-

302 1817 422 1863 libus
464 1834 744 1875 aureorum,
788 1816 959 1880 quibus
996 1816 1241 1880 praedictas
1281 1817 1447 1862 terras³
1487 1816 1705 1862 Picardiae

302 1894 450 1940 lueret
480 1910 713 1940 summam
748 1893 1022 1955 hujusmodi
1047 1894 1288 1958 Philippo,
1315 1893 1704 1955 Burgundionum

305 1970 411 2016 duci
447 1972 634 2029 illustri,
672 1971 838 2017 devehi
875 1971 998 2017 fecit.
1031 1972 1213 2017 Certior
1245 1972 1370 2016 enim
1399 1971 1497 2032 jam
1528 1970 1586 2016 ab
1620 1987 1700 2027 eo,

305 2048 418 2092 dum
454 2065 588 2094 suam
621 2048 708 2094 sibi
745 2048 1034 2094 voluntatem
1070 2048 1348 2105 intimasset,
1382 2047 1525 2093 sactus
1556 2047 1705 2093 fuerat

305 2125 434 2187 quod
464 2126 735 2187 hujusmodi
766 2126 1121 2189 pignoratarum
1150 2135 1377 2171 terrarum
1404 2124 1586 2169 luitioni
1616 2124 1704 2169 mi-

306 2202 431 2247 nime
450 2203 710 2261 obsisteret,
731 2204 812 2249 sed
829 2213 984 2267 partas
997 2203 1218 2266 pecunias
1233 2201 1499 2265 recipiendo
1515 2201 1703 2247 casdem

305 2278 503 2324 libenter
530 2280 616 2324 sibi
648 2280 943 2326 deliberaret.
980 2282 1179 2342 Recepta
1208 2279 1346 2340 igitur
1375 2277 1648 2340 hujusmodi
1678 2295 1704 2324 a

306 2355 495 2418 praelato
528 2355 742 2420 Philippo
771 2357 995 2414 summal,
1030 2366 1175 2402 terras
1205 2356 1325 2419 ipsas
1356 2372 1544 2413 onmes,
1575 2354 1704 2417 juxta

362 2513 399 2550 1.
434 2511 554 2548 Ullius
578 2509 669 2546 dans
693 2509 726 2545 le
747 2523 815 2545 nis.

360 2571 398 2607 2.
431 2572 584 2606 Comme
612 2573 762 2617 pariter
791 2577 843 2604 est
875 2569 1002 2618 repete
1040 2569 1122 2618 plus
1153 2569 1230 2606 loin
1264 2579 1299 2606 et
1329 2583 1402 2619 que
1431 2570 1465 2606 la
1491 2569 1627 2620 phrase
1650 2577 1704 2606 est

307 2628 500 2674 bosteuse,
520 2629 555 2675 je
579 2626 679 2664 lirais
702 2626 907 2662 volomicrs
925 2637 1078 2675 propter
1099 2642 1176 2675 qnoe
1204 2642 1252 2665 au
1272 2628 1348 2665 lieu
1371 2628 1417 2666 de
1435 2633 1595 2678 pariter.

366 2690 401 2724 3.
434 2688 622 2723 Proedictae
643 2696 745 2721 ferrar
763 2684 854 2721 dans
875 2684 909 2720 le
929 2697 996 2720 ms.

362 2755 397 2790 4.
431 2757 482 2790 Le
502 2760 704 2802 payement
726 2752 779 2787 sut
800 2750 861 2787 fait
880 2763 926 2786 en
947 2749 1046 2785 deux
1071 2751 1153 2798 sois,
1174 2761 1209 2788 et
1229 2752 1281 2788 les
1301 2752 1401 2789 deux
1422 2752 1630 2800 quittances
1653 2749 1701 2786 du
