1923 3020
308 257 355 292 90
667 256 1005 291 HISTORIARUM
1033 257 1268 292 LUDOVICI
1295 258 1351 292 XI

309 343 425 405 regis
449 341 507 387 ad
532 342 658 387 diem
682 351 980 403 sequentem,
1006 342 1136 404 juxta
1159 357 1213 386 ea
1236 358 1340 404 quae
1367 342 1704 401 insinuaverat,

308 418 606 482 operiebatur
649 418 921 464 adventum.
973 421 1072 481 lpse
1118 428 1272 464 autem
1321 418 1709 481 Burgundionum

308 495 426 552 duit,
460 495 552 540 hoc
579 495 746 539 nuntio
774 504 994 558 accepto,
1029 512 1126 539 non
1157 495 1408 541 immemor
1435 494 1710 540 insidiarum

307 581 351 617 et
365 571 463 617 doli
481 571 651 634 quibus
668 572 850 633 genitor
867 589 978 616 suus
996 571 1143 617 fuerat
1158 572 1481 635 interemptus,
1499 580 1711 616 metuens

309 665 366 694 ne
400 658 442 693 et
475 648 588 707 sibi⁷
625 646 1031 710 quemadmodum
1067 649 1206 694 unico
1245 649 1342 710 ejus
1376 648 1498 705 filio,
1536 648 1712 694 insidiae

309 726 481 789 pariter
519 725 841 783 tenderentur,
884 742 980 769 non
1024 735 1290 788 exspectato
1322 725 1441 787 regis
1471 724 1707 783 adventu,

310 802 468 848 relicto
505 802 738 859 Hesdino,
779 801 979 846 Insulas¹
1013 812 1081 847 est
1117 802 1370 865 profectus.
1406 805 1522 846 Cum
1555 811 1712 846 autem

309 879 406 941 ejus
430 896 660 925 recessum
691 896 766 923 rex
800 879 1117 939 cognovisset7
1150 879 1287 924 simul
1320 880 1459 924 etiam
1492 878 1620 940 quod
1654 879 1712 925 de

310 956 510 1014 insidiis,
543 973 646 1018 quae
675 955 836 1000 comiti
868 955 925 999 de
957 956 1200 1000 Clmrolois
1229 965 1398 1018 paratae
1430 955 1632 1013 fuerant,
1668 965 1713 1000 et

309 1033 526 1095 captione
552 1031 757 1077 Bastardi
784 1031 842 1076 de
870 1030 1133 1092 Babempre‘
1154 1048 1348 1076 currens
1382 1030 1557 1093 ubique
1591 1031 1713 1077 fania

311 1125 392 1154 ora
426 1109 640 1154 omnium
675 1108 958 1170 compleret,
995 1107 1187 1152 dimissa
1219 1106 1449 1163 picardia,
1488 1107 1534 1151 in
1570 1110 1713 1153 Fran-

311 1186 454 1242 ciam,
481 1184 701 1239 Turonis,
731 1192 796 1228 est
822 1199 1034 1228 reversus
1047 1185 1074 1226 Ξ.

762 1408 1094 1451 CAPITULUM
1129 1409 1290 1451 XXVI.

315 1545 363 1575 De
381 1541 550 1587 legatione
571 1553 589 1573 a
609 1553 688 1586 rege
705 1541 806 1574 missa
825 1540 868 1574 ad
888 1541 1087 1588 Philippum
1100 1569 1108 1584 ‚
1125 1542 1334 1588 Burgundiae
1359 1542 1504 1585 ducem;
1525 1552 1556 1577 et
1582 1546 1716 1579 comitis

361 1596 403 1629 de
432 1596 623 1637 Cltarolois,
653 1595 715 1629 filii
739 1596 813 1637 sui,
836 1608 955 1629 coram
980 1606 1077 1642 patre
1103 1609 1166 1630 suo
1189 1598 1408 1630 accusatione
1423 1624 1430 1638 ‚
1457 1597 1631 1643 ipsiusque
1655 1599 1717 1632 filii

361 1649 584 1694 responsione
601 1657 702 1693 atque
719 1648 933 1682 defensione.

381 1773 481 1813 Non
509 1768 659 1812 multo
683 1778 805 1830 post,
833 1769 1022 1814 mittens
1047 1786 1125 1814 rex
1150 1770 1432 1831 legationem
1457 1770 1715 1817 solemnem

315 1847 373 1892 ad
404 1846 574 1891 duceni
604 1845 920 1906 sst11·giii](liae³‚
948 1862 1137 1891 omnem
1168 1846 1442 1892 insidiarum
1464 1856 1509 1892 et
1527 1847 1622 1891 doli
1644 1864 1719 1892 su-

315 1924 575 1985 spicionem
605 1921 784 1966 diluere
806 1920 1084 1967 conabatur.
1111 1926 1316 1968 Fuerunt
1345 1924 1391 1968 in
1412 1940 1466 1969 ea
1486 1923 1717 1984 legatione

316 2017 473 2045 comes
503 2000 561 2044 (le
590 2001 758 2059 Augo⁰,
791 1999 1175 2062 archiepiscopus
1203 2000 1540 2045 Narbonensis⁵
1566 2009 1609 2045 et
1634 2018 1718 2045 ve-

317 2077 536 2122 nerabilis
574 2077 667 2132 vir,
708 2075 934 2120 dominus
973 2078 1133 2120 Petrus
1169 2076 1227 2121 de
1272 2076 1540 2133 Morvillier,
1577 2094 1718 2139 quem

316 2153 646 2199 cancellarium
667 2152 869 2197 Francize
888 2153 1210 2210 constituerat,
1238 2163 1397 2198 amoto
1421 2152 1512 2198 alio
1533 2153 1614 2214 qui
1638 2153 1717 2198 diu

318 2230 363 2273 in
390 2245 446 2273 eo
468 2229 625 2273 officio
647 2228 906 2273 servivisset
928 2229 1045 2291 patri
1067 2231 1191 2274 suo⁶.
1220 2232 1302 2274 Per
1326 2246 1406 2274 eos
1432 2229 1571 2290 igitur
1598 2229 1718 2290 lega-

374 2374 408 2407 l.
442 2370 565 2405 Plutot
592 2374 770 2418 Insulam,
795 2370 907 2408 Lille.

372 2432 409 2466 2.
442 2432 648 2477 Comparcr
676 2430 709 2464 le
740 2429 830 2466 ret-it
858 2429 944 2466 bien
966 2429 1049 2479 plus
1074 2438 1183 2466 exact
1212 2428 1257 2465 de
1289 2431 1456 2480 Georges
1488 2429 1716 2467 Chastellain

318 2492 406 2526 (111⁰
426 2488 559 2539 partie,
582 2487 641 2524 ch.
664 2491 812 2533 xxxix).

377 2551 414 2586 3,
449 2551 549 2582 Dans
574 2546 625 2581 les
648 2546 830 2595 premiers
847 2546 953 2591 jours
974 2546 1019 2583 ‹lc
1040 2546 1248 2583 novembre
1273 2548 1390 2583 44ss4.

376 2610 410 2644 4.
445 2605 598 2643 Cliarles·
623 2604 801 2649 d'Artois,
824 2613 946 2640 comte
971 2605 1079 2642 d’Eu.

376 2668 413 2702 Γ).
446 2663 576 2702 C'etait
600 2676 650 2699 un
671 2662 863 2700 Norniand
886 2663 1018 2711 appele
1042 2663 1200 2700 Antoine
1221 2663 1270 2699 du
1293 2663 1559 2713 Bec-Ci·espin.

377 2726 412 2758 (5.
447 2725 540 2771 Voy.
567 2720 768 2763 ei—dessus,
789 2733 826 2769 p.
851 2722 914 2757 233.
