1923 3020
260 252 334 287 138
618 248 956 284 HISTORIARUM
983 249 1222 287 LUDOVICI
1251 252 1307 287 XI

259 339 378 401 regis
393 352 535 399 quam
554 335 826 399 principum
850 351 1064 394 assensu,
1085 336 1225 383 fuisse
1239 336 1447 383 delectos
1464 374 1475 397 ,
1496 337 1669 399 quibus

260 433 347 478 pro
381 414 514 459 bono
554 412 748 476 publico
785 422 832 458 et,
867 413 1170 460 instauranda
1209 414 1257 459 in
1295 414 1538 460 meliorem
1575 414 1670 461 for-

258 510 385 539 mam
416 508 465 537 re
490 491 679 555 publica
700 492 826 555 (quae
844 508 941 537 non
962 492 1108 538 modo
1131 493 1311 557 dilapsa
1331 494 1403 539 vel
1422 493 1665 551 deformis,

256 569 366 628 sed,
397 578 448 614 ut
469 570 567 631 jam
591 585 732 632 supra
758 569 926 615 dixisse
951 570 1280 629 meminimus,
1309 571 1474 634 procul
1498 571 1665 630 dubio,

256 646 444 709 penitus
479 646 706 691 exstincta
742 645 967 707 nullaque
995 646 1093 709 jam
1128 656 1253 705 erat,
1287 648 1385 693 sola
1417 664 1505 711 pro
1538 650 1669 695 omni

257 722 441 767 ratione
488 721 732 767 voluntate
775 723 1066 786 imperante)
1119 733 1326 786 potestas
1368 723 1572 770 dabatur
1620 726 1666 771 in

257 816 406 845 unum
426 798 768 858 convenicndi,
791 808 835 845 et
851 799 1152 862 concipiendi
1175 816 1228 846 ac
1245 800 1530 846 decernendi
1545 818 1664 864 quae,

256 893 344 940 pro
381 875 547 921 eadem
568 875 858 921 restituenda
884 885 954 933 et,
983 892 1039 921 ex
1061 876 1189 922 velut
1216 886 1429 937 mortua,
1460 878 1670 924 rediviva

256 953 526 1013 efficienda,
557 954 690 999 utilia
725 962 865 1016 atque
891 952 1096 999 salubria
1124 969 1223 999 esse
1253 954 1544 1000 viderentur.
1575 955 1669 1001 Sed

256 1031 361 1092 quis
398 1030 509 1076 inde
533 1030 726 1075 effectus
764 1030 836 1075 vel
864 1029 1130 1092 profectus,
1156 1038 1263 1092 post
1288 1029 1557 1094 principum
1577 1031 1670 1077 dis-

255 1107 543 1165 cessionem,
589 1107 766 1169 sperari
805 1115 1018 1170 poterat,
1060 1122 1169 1151 cum
1220 1106 1434 1169 profecto
1478 1106 1670 1154 liberius

256 1194 385 1248 post,
415 1200 558 1246 quam
591 1193 723 1242 ante,
751 1182 915 1228 elatius
954 1192 1095 1245 atque
1130 1181 1424 1228 ambitiosius
1458 1193 1502 1229 et
1529 1185 1667 1230 tumi-

256 1262 362 1308 dius
387 1262 526 1307 unius
565 1261 707 1307 solius
747 1269 963 1321 regnaret
1000 1258 1285 1305 arbitrium?
1320 1262 1354 1305 A
1392 1276 1489 1322 quo
1525 1261 1667 1308 etiam

260 1338 546 1402 quibusque,
575 1336 879 1400 quantumvis
902 1336 1019 1382 boni
1041 1336 1127 1381 zeli
1151 1335 1308 1382 forent
1333 1336 1462 1399 (qui¹
1492 1337 1668 1400 princi-

256 1415 395 1480 pibus
438 1415 499 1461 ad
537 1414 660 1460 hanc
695 1423 906 1460 sanctam
933 1413 1248 1458 intentionem
1276 1422 1322 1460 et
1343 1412 1487 1459 finem
1509 1413 1669 1461 lauda-

260 1493 408 1539 bilem
443 1509 491 1538 se
523 1491 784 1538 subservire
817 1491 1220 1551 existimaverant,
1250 1490 1369 1536 nihil
1393 1490 1522 1537 aliud
1542 1509 1667 1554 quae-

260 1582 415 1618 rentes
440 1580 519 1616 aut
550 1571 811 1634 sperantes)
834 1586 922 1633 pro
947 1570 1157 1615 maximo
1178 1569 1360 1633 probro
1384 1578 1430 1615 et
1452 1569 1668 1616 convicio

257 1647 569 1710 objiciebatur
610 1658 654 1694 et
698 1647 1099 1711 exprobrabatur,
1144 1647 1276 1710 quod
1318 1647 1406 1712 ipsi
1445 1647 1504 1694 de
1535 1647 1668 1694 bono

257 1724 448 1788 publico
473 1724 768 1769 exstitissent.
800 1723 923 1769 Nihil
959 1724 1117 1786 itaque
1137 1723 1196 1775 ab
1227 1723 1308 1769 illo
1336 1723 1670 1770 terduodeno-

257 1801 389 1847 virali
408 1800 589 1863 judicio
612 1801 799 1864 penitus
822 1801 1131 1846 constitutum
1151 1810 1247 1859 est,
1277 1817 1364 1846 nec
1389 1817 1538 1860 unus,
1559 1810 1668 1864 post

256 1878 525 1942 principum
561 1877 982 1940 disgregationem,
1020 1877 1109 1922 nisi
1145 1894 1254 1923 cum
1287 1878 1359 1923 sui
1394 1877 1668 1923 eminentis-

257 1956 376 2000 simo
412 1954 618 2018 periculo
649 1954 840 2018 capitis,
879 1954 939 2000 de
971 1954 1302 2001 conveniendo
1330 1955 1377 2000 in
1405 1971 1556 2000 unum
1577 1971 1666 2018 pro

256 2032 587 2093 hujuscemodi
618 2048 759 2078 causa
782 2031 855 2078 vel
877 2032 1019 2077 etiam
1044 2032 1102 2078 de
1125 2048 1179 2078 ea
1202 2048 1253 2078 re
1276 2032 1569 2078 mentionem
1599 2031 1666 2078 fa-

258 2126 363 2155 cere
391 2110 621 2156 ullatenus
655 2126 822 2156 ausum
862 2125 1101 2155 assumere
1143 2109 1373 2173 potuisset
1389 2111 1417 2154 ².
1456 2111 1511 2154 Et
1540 2117 1665 2155 certe

257 2258 278 2292 a
305 2255 519 2293 Coinmincs
552 2256 599 2293 (10
629 2256 789 2308 Lcnglet
810 2256 1030 2306 Dufrcsnoy
1056 2257 1098 2303 (t.
1126 2257 1178 2302 II,
1206 2269 1244 2306 p.
1270 2257 1374 2304 5119).
1403 2254 1596 2305 L'cveque
1619 2254 1666 2293 de

256 2314 409 2351 Lisieux
428 2328 453 2363 y
475 2315 593 2364 ligure
621 2329 668 2352 au
696 2315 887 2353 troisicme
909 2328 1004 2366 rung
1024 2315 1135 2366 apres
1162 2314 1216 2352 les
1241 2314 1405 2365 eveques
1429 2314 1481 2352 du
1500 2317 1606 2352 Mans
1629 2322 1667 2352 et

258 2372 305 2409 dc
327 2373 446 2409 Paris

312 2434 349 2469 1.
387 2431 527 2478 Quibus
547 2431 640 2468 (111115
661 2430 695 2468 10
715 2445 785 2471 1115.

311 2493 349 2528 2.
382 2493 537 2530 Erreur.
563 2493 615 2527 La
645 2491 886 2527 conunission
912 2505 1012 2541 pour
1047 2492 1082 2528 le
1114 2491 1202 2529 bien
1227 2492 1358 2543 public
1393 2491 1611 2530 s'assembla
1645 2494 1666 2529 ἐι

258 2549 385 2596 Ρ111·15,
417 2562 509 2586 avec
536 2562 612 2586 une
636 2550 779 2599 grande
801 2551 984 2588 solennitc
1000 2582 1008 2598 ‚
1037 2554 1073 2588 lc
1099 2554 1148 2589 16
1170 2553 1295 2600 juillet
1312 2554 1429 2590 1466.
1459 2552 1489 2589 ΙΙ
1509 2560 1565 2589 est
1582 2550 1666 2589 vrai

257 2609 396 2658 qu’cllc
423 2608 524 2645 avait
553 2608 610 2645 010
637 2608 783 2645 1011111ῐο
809 2610 825 2644 ῖ1
854 2609 958 2657 vingt
981 2618 1017 2645 ct
1039 2624 1089 2646 un
1122 2611 1323 2648 membres.
1347 2614 1542 2657 L'auteur,
1564 2610 1664 2647 alors

259 2667 404 2718 rcsngic
422 2680 468 2704 011
485 2667 678 2717 Belgique,
700 2668 753 2703 sut
773 2667 1085 2705 000055111101110111
1106 2669 1183 2706 l'un
1206 2669 1251 2707 dc
1272 2683 1370 2707 ceux
1389 2683 1454 2708 sur
1471 2669 1535 2719 qui
1555 2676 1662 2719 porta

260 2726 294 2762 la
315 2726 527 2763 reduction.
