1923 3020
300 266 374 301 144
660 264 999 300 HISTORIARUM
1028 265 1262 302 LUDOVICI
1288 267 1346 302 XI

298 356 420 411 triae,
449 364 706 416 caeteraque
731 353 986 415 provinciae
1003 352 1180 411 officia,
1208 353 1578 417 assequendas),
1606 356 1702 402 fue-

299 440 407 476 runt
427 430 565 475 etiarn
586 429 740 474 cidem
758 429 866 474 duci
887 429 1042 490 gratiae
1059 430 1334 475 solemniter
1350 429 1520 476 habitae
1534 466 1546 489 ,
1570 433 1702 494 quod

298 508 452 570 ipsum
475 506 739 569 principem
763 522 929 563 suum,
957 522 1065 551 eum
1101 506 1405 567 associando,
1448 517 1494 553 et
1531 507 1592 553 ad
1627 509 1701 572 ip-

294 601 397 630 sum
426 600 574 647 usquc
609 584 763 630 locum
799 583 1106 642 deducendo,
1133 584 1370 630 honorare
1412 585 1696 632 curavisset:

293 661 605 707 contestando
635 662 775 706 etiam
818 660 973 724 quod,
1006 677 1093 724 pro
1129 660 1458 723 hujuscemodi
1481 662 1700 710 humani-

296 749 387 784 tate
406 738 714 802 plurimisque
735 737 994 801 obsequiiS,
1023 755 1049 784 a
1069 755 1117 783 se
1137 739 1326 801 suisque
1345 738 1454 784 duci
1468 756 1552 785 suo
1571 755 1698 786 novo

290 817 503 879 praestitis
526 826 572 861 et
595 816 843 879 impensis,
872 825 1054 876 gratum
1077 816 1331 878 provinciae
1357 826 1699 880 acceptumque

289 894 430 954 foret,
472 893 603 956 quod
644 894 702 939 de
738 891 1000 938 honoribus
1035 902 1080 937 ct
1114 891 1279 938 officiis
1311 895 1469 957 patrice
1493 894 1699 940 honora—

292 971 437 1016 bilem
474 971 546 1015 sni
581 970 842 1034 perciperet
877 970 1173 1032 portionem,
1219 987 1358 1028 cum,
1398 971 1457 1016 ab
1493 973 1698 1035 antiquis

289 1046 605 1110 temporibus,
640 1046 789 1091 ambae
818 1046 1100 1108 provinciae,
1134 1045 1308 1091 scilicet
1339 1048 1630 1094 Kormannia
1652 1057 1698 1093 et

291 1125 525 1170 Britannia
551 1124 683 1186 (quae
705 1123 1010 1168 conterminae
1044 1131 1153 1166 sunt
1184 1131 1229 1166 et
1261 1122 1532 1185 maritimae)
1555 1140 1697 1169 com-

287 1203 472 1247 merciis
498 1211 636 1263 atquc
660 1198 1080 1260 negotiationibus,
1108 1198 1337 1261 conjugiis
1365 1200 1504 1245 etiam
1535 1211 1580 1246 et
1601 1200 1695 1247 affi-

288 1279 510 1325 nitatibus
528 1314 539 1336 ,
568 1277 842 1339 magnisque
868 1275 1083 1320 amicitiis
1118 1284 1161 1320 et
1185 1275 1570 1337 gerinanitatibus
1588 1314 1600 1337 ,
1625 1278 1696 1323 in-

286 1358 434 1403 vicem
453 1356 690 1420 permixtae
707 1354 895 1399 suerunt
915 1362 960 1397 et
980 1352 1258 1414 conjunctae.
1279 1353 1521 1415 Rogabant
1538 1363 1694 1400 tamen

289 1445 360 1492 ut,
395 1435 515 1479 inter
533 1441 725 1478 caeteros
745 1467 754 1488 ‚
779 1430 920 1475 ctiam
940 1428 1180 1475 nobilibus
1204 1439 1249 1475 et
1280 1429 1489 1476 honestis
1513 1431 1694 1477 civibus

286 1512 444 1575 patriae
467 1526 550 1556 sua
579 1509 737 1570 aliqua
763 1507 943 1570 portiO,
972 1506 1020 1551 in
1051 1505 1247 1568 hujusce
1270 1507 1514 1554 honorum
1542 1508 1694 1555 distri-

284 1587 504 1644 butione,
532 1586 597 1631 uti
622 1601 707 1650 par
733 1593 853 1643 erat,
881 1592 1212 1630 asservaretur.

759 1802 1091 1847 CAP1TULUM
1138 1804 1217 1846 XI.

283 1943 439 1985 Qualiter
457 1941 622 1975 dominus
647 1940 806 1980 Carolus,
826 1938 898 1971 dux
917 1937 1157 1979 Normanniae,
1176 1947 1254 1983 post
1271 1938 1391 1983 longas
1407 1948 1536 1977 moras,
1553 1936 1690 1969 Britan-

330 2009 455 2028 norum
475 1995 566 2028 dolis
583 2001 778 2040 protractas
792 2019 800 2035 ,
824 1992 947 2024 urbem
970 2003 1065 2024 suam
1090 1991 1353 2037 Rothomagum
1373 1990 1543 2035 ingressus
1566 1998 1626 2022 est.
1646 1989 1690 2022 Et

333 2047 374 2080 de
393 2048 589 2093 turpissima
608 2045 815 2079 discessione
829 2044 928 2078 ducis
946 2044 1132 2078 Britanniae
1151 2044 1195 2077 ab
1210 2057 1272 2088 co,
1296 2043 1471 2091 ipsiusque
1491 2050 1523 2076 et
1543 2055 1688 2076 suorum

330 2101 553 2134 infamissima
572 2099 786 2146 proditione.

351 2230 404 2271 Et
444 2243 715 2289 quanquam
754 2243 809 2273 ca
848 2227 1030 2289 rogatio
1072 2235 1118 2271 et
1154 2225 1316 2289 petitio
1359 2224 1689 2270 honestissima

282 2313 421 2365 atque
461 2304 715 2365 justissima
755 2304 904 2360 soret,
953 2303 1185 2349 creditum
1224 2312 1292 2348 est
1334 2311 1491 2347 tamen
1531 2302 1687 2364 ipsum

282 2382 529 2427 Britanniae
558 2382 744 2440 ducem,
779 2399 877 2427 non
907 2391 1100 2427 tanisua
1118 2380 1311 2443 quidem
1331 2395 1474 2442 quam
1491 2393 1688 2423 suorum

282 2462 602 2523 instigatione¹
629 2462 758 2522 (qui,
782 2461 839 2505 de
865 2462 1090 2507 universis
1107 2460 1264 2524 patriae
1287 2458 1569 2516 honoribus,
1593 2472 1686 2502 suae

281 2539 526 2603 cupiditati
562 2548 606 2584 et
643 2539 880 2601 praetensis
904 2556 960 2583 cx
983 2555 1029 2583 sc
1060 2539 1236 2583 meritis
1269 2553 1437 2600 parum
1468 2535 1557 2581 sibi
1586 2533 1685 2579 fieri

282 2617 591 2681 reputabant,
621 2615 764 2660 totius
789 2615 947 2677 patriae
973 2615 1431 2660 administrationem
1455 2622 1498 2659 et
1523 2610 1685 2657 mode-

337 2756 352 2790 1
404 2756 506 2790 Dans
527 2751 560 2788 le
581 2764 651 2788 ins.
673 2764 783 2799 quam
803 2762 947 2785 suorum
968 2757 1005 2784 et
1022 2751 1067 2784 cle
1086 2750 1334 2798 instigatione.
