1923 3020
280 308 356 344 410
637 303 972 339 HISTORIARUM
1002 303 1236 339 LUDOVICI
1264 305 1320 339 XI

280 410 363 457 per
386 391 732 450 Lotharingiam
760 389 806 433 in
836 390 1178 451 Burgundiam¹
1200 407 1348 453 usque
1363 428 1374 448 ,
1400 390 1589 437 obviam
1610 394 1674 452 ei,

279 476 606 534 penetrarunt,
643 482 738 510 uon
772 467 872 512 sine
903 467 1080 528 ingenti
1110 467 1396 514 discrimine.
1432 469 1680 516 Destinatae

280 547 416 591 etiam
436 543 522 587 sibi
544 543 670 587 fuere
690 543 930 589 nonnullae
953 544 1166 607 peditum
1187 545 1349 608 copiae,
1372 562 1430 590 ex
1451 545 1614 591 otiosis
1636 556 1682 592 et

279 622 372 676 his,
397 621 479 682 qui
503 620 698 683 perditis
723 630 862 682 atque
886 620 1141 666 infamibus
1165 630 1298 667 erant
1322 621 1554 679 moribus,
1581 621 1680 667 col-

278 698 428 756 lectae,
451 698 583 742 dato‘2
604 698 669 742 eis
689 697 747 742 (le
767 698 968 761 pecunia
991 698 1230 761 principis·
1257 700 1472 754 Quorum
1492 698 1683 762 plurimi

279 775 522 820 lenociniis
548 785 591 820 et
617 774 922 821 ebrietatibus
946 776 1137 834 assueti,
1165 792 1273 820 cum
1297 776 1529 839 stipendia
1554 775 1682 838 prin-

277 851 391 914 cipis
431 852 735 914 recepissent,
774 851 1083 897 nihilominus
1109 853 1154 897 in
1188 852 1432 914 provincia
1460 868 1682 898 remane-

279 929 411 988 bant,
437 945 523 974 nec
543 928 604 974 ad
624 930 881 975 exercitum
901 938 947 975 et
970 929 1183 975 militiam
1205 929 1270 974 ire
1291 928 1538 986 curabant,
1560 929 1683 992 prio-

280 1006 407 1051 ribus
423 1007 729 1052 inservientes
746 1007 976 1065 moribus,
998 1007 1045 1052 in
1062 1006 1232 1069 quibus
1246 1016 1437 1070 accepta
1453 1006 1683 1070 stipendia

280 1084 412 1130 facile
436 1084 797 1130 consumebant.

755 1310 1094 1353 CAPITULUM
1130 1311 1208 1353 XI.

372 1448 422 1479 De
439 1445 552 1479 reditu
569 1445 667 1479 ducis
683 1445 890 1492 Burgundiae
913 1447 947 1479 in
965 1447 1243 1491 Lotharingiam,
1264 1454 1296 1479 et
1310 1445 1456 1491 qualiter
1474 1445 1600 1479 iterum

791 1499 926 1532 obsedit
955 1501 1174 1546 Nanceyum.

349 1619 469 1662 Cum
488 1627 642 1663 autem
661 1617 896 1680 princePS‚
915 1617 1013 1679 qui,
1031 1618 1098 1661 uti
1115 1616 1336 1676 diximus,
1354 1617 1402 1661 in
1421 1615 1690 1677 Burgundia

285 1704 398 1754 erat,
430 1695 751 1758 perlustrasset
775 1711 906 1740 suam
931 1694 1268 1756 Burgundiam,
1295 1710 1319 1739 a
1341 1694 1455 1756 qua3
1477 1703 1522 1738 et
1542 1693 1688 1738 dena-

284 1772 463 1816 riorum
482 1783 526 1818 et
548 1774 755 1818 virorum
775 1771 1110 1817 subventiones
1125 1782 1169 1817 et
1183 1772 1368 1818 servitia
1386 1779 1686 1834 poposcerat,

285 1858 329 1893 et
356 1850 788 1912 quantulacumque
813 1848 1092 1894 obtinuisset
1117 1859 1256 1911 atque
1280 1857 1592 1910 aggregasset,
1621 1846 1690 1891 vi-

286 1925 402 1971 dens
426 1943 498 1972 res
518 1942 624 1972 suas
647 1927 823 1988 ingenti
849 1925 1090 1987 subjacere
1109 1925 1338 1989 periculo,
1366 1925 1455 1969 nisi
1479 1923 1691 1987 pervium

287 2003 374 2049 sibi
410 2014 454 2049 et
488 2005 583 2049 suis
616 2021 697 2067 per
735 2003 1086 2065 Letharingiam
1126 2002 1246 2067 [iter]
1286 2002 1455 2048 faceret
1488 2010 1534 2046 et
1568 1999 1691 2045 ferro

287 2082 503 2142 aperiret,
524 2082 699 2140 statuit,
722 2098 993 2144 quanquam
1013 2081 1060 2127 id
1078 2081 1282 2135 arduum
1301 2090 1346 2126 et
1363 2078 1692 2125 difficillimum

289 2156 540 2213 videretur,
569 2174 672 2203 eam
695 2174 793 2203 rem
815 2158 1017 2220 aggredi.
1048 2161 1208 2220 ltaque
1228 2174 1282 2202 ex
1303 2154 1571 2217 Burgundia
1594 2169 1694 2198 mo-

291 2247 402 2277 vens
438 2251 545 2279 cum
580 2236 807 2294 Antonio,
844 2235 982 2281 fratre
1019 2252 1105 2281 suo
1146 2234 1373 2288 naturali,
1404 2231 1577 2293 junctis
1605 2229 1694 2275 sibi

289 2310 499 2369 equitum
523 2313 690 2373 copiis,
720 2329 821 2374 quae
844 2330 898 2357 ex
926 2311 1132 2375 partibus
1159 2309 1477 2355 inferioribus⁴
1501 2307 1562 2354 ad
1585 2321 1694 2352 eum

290 2387 624 2445 ascenderant,
670 2390 902 2452 ingressus
942 2388 1321 2450 Lotbaringiam,
1364 2386 1423 2432 ad
1465 2384 1694 2448 oppidum

344 2539 382 2572 1.
413 2539 465 2573 La
496 2536 610 2573 haute
640 2540 865 2587 Bourgogne
895 2552 946 2574 ou
977 2536 1328 2580 Franche-Comte,
1357 2536 1407 2572 οὺ
1426 2536 1460 2571 le
1481 2533 1554 2571 duc
1576 2531 1696 2570 s'etait

291 2596 402 2633 retire
426 2598 535 2646 apres
553 2609 593 2632 sa
613 2596 750 2633 (ld-saite
771 2598 817 2634 (le
842 2602 975 2635 Morat.

344 2658 383 2695 ⁶2,
416 2660 526 2692 Datis
546 2656 638 2693 dans
658 2656 693 2692 le
713 2670 782 2693 ms.

346 2717 382 2753 3.
416 2721 449 2752 A
468 2716 599 2765 quibas
618 2715 709 2751 dans
732 2716 765 2751 le
787 2729 858 2754 mS.

346 2777 384 2810 4.
417 2773 657 2811 C’est-ii-dire
678 2773 724 2811 de
744 2773 779 2810 la
802 2773 982 2820 Flandre,
1006 2774 1052 2810 de
1072 2774 1107 2810 la
1130 2773 1318 2810 Hollande
1339 2780 1375 2808 et
1394 2771 1445 2808 du
1462 2768 1639 2806 Brabasst-
