1923 3020
752 267 895 301 LIBER
936 266 1200 303 SECUNDUS.
1603 266 1678 301 185)

348 355 548 415 Rogatus
568 353 705 414 igitur
725 353 1110 415 Burgundionum
1131 352 1224 398 dux
1243 368 1269 397 a
1287 367 1408 412 rege,
1430 361 1475 397 et
1494 367 1680 414 magna-

278 446 383 475 rum
409 439 547 491 atque
574 429 746 493 pluries
771 431 1040 476 iteratarum
1067 446 1261 493 precum
1287 429 1502 476 instantia
1529 431 1680 492 requi-

277 508 419 563 situs,
457 505 543 550 sibi
579 506 638 551 ad
675 523 722 552 se
758 507 979 553 veniendi
1012 506 1155 552 fidam
1192 506 1486 552 securitatem
1520 505 1675 565 dedit,

278 581 383 626 licet
420 581 502 625 diu
538 582 733 628 minime
769 583 857 628 sibi
893 583 1077 647 placere
1113 583 1230 645 regis
1264 582 1322 628 ad
1357 599 1404 629 se
1440 599 1678 629 accessum

278 656 612 720 respondisset·

345 732 634 780 Adveniente
666 735 820 797 itaque
850 751 958 797 rege
986 733 1113 797 apud
1143 736 1373 780 Peronam
1402 751 1512 780 cum
1541 734 1680 781 dictis

279 808 524 868 cardinali,
554 827 638 855 suo
663 820 772 856 tunc
800 811 1088 874 permaximo
1115 811 1291 868 arnico,
1315 812 1487 857 comite
1508 812 1682 857 Sancti-

280 885 408 930 Pauli
437 895 481 931 et
505 886 745 932 nonnullis
777 888 870 933 suis
894 886 1192 941 consiliariis,
1230 887 1533 949 stipatoribus
1566 904 1679 933 vero

280 963 541 1025 perpaucis,
579 980 688 1008 cum
727 963 859 1009 multi
896 978 1136 1008 sermones
1173 963 1376 1008 invicem
1412 963 1680 1010 amicabiles

279 1038 337 1084 de
362 1038 659 1086 concilianda
683 1056 797 1103 pace
822 1038 971 1084 habiti
1002 1039 1218 1097 fuissent,
1248 1038 1440 1084 tandem
1467 1056 1556 1103 pax
1580 1058 1679 1104 per-

280 1125 436 1177 petua,
457 1127 500 1162 et
518 1134 622 1180 quae
637 1118 804 1162 merito
822 1116 997 1162 stabilis
1018 1126 1060 1161 et
1081 1131 1388 1179 permansura
1409 1132 1506 1162 esse
1527 1119 1680 1180 putari

279 1195 530 1254 potuisset,
567 1205 800 1240 conventa
832 1204 925 1252 est,
960 1203 1003 1238 et
1035 1192 1250 1238 maximis
1280 1192 1500 1255 utrinque
1526 1209 1678 1240 sacra—

277 1271 443 1315 mentis
465 1269 684 1317 firmata¹.
716 1270 868 1317 Ambo
893 1271 1037 1329 enim,
1060 1286 1140 1315 rex
1162 1269 1380 1315 videlicet
1402 1280 1448 1315 et
1471 1273 1680 1334 Burgun-

276 1346 475 1392 dionum
506 1348 623 1407 dux,
657 1365 795 1411 super
823 1364 988 1393 verum
1018 1346 1197 1410 lignum
1226 1346 1475 1393 dominicae
1506 1349 1682 1395 crucis²

270 1422 485 1483 jutarum
510 1441 674 1488 pacem
700 1434 975 1487 perpetuam
1000 1425 1120 1470 inter
1142 1441 1207 1483 se,
1232 1433 1376 1469 terras
1400 1433 1444 1469 et
1468 1424 1680 1472 subditos

276 1516 384 1559 suos
410 1518 617 1560 servare,
646 1511 688 1546 et
714 1502 965 1546 amicitiam
990 1510 1128 1564 atque
1159 1500 1464 1546 concordiam
1496 1501 1680 1549 firmam

275 1585 415 1640 atque
451 1578 688 1636 stabilem3
729 1588 773 1624 et
805 1577 935 1640 quod
977 1578 1130 1624 nullus
1168 1594 1379 1641 unquam
1417 1579 1548 1625 alteri
1584 1580 1679 1626 bel-

276 1652 374 1700 lum
411 1655 625 1713 inferret,
656 1665 736 1701 aut
767 1654 995 1701 damnum
1025 1664 1327 1719 procuraret,
1354 1655 1429 1702 vel
1457 1657 1591 1702 terris
1626 1673 1680 1703 ac

280 1843 531 1890 Normandie,
563 1852 599 1880 et
630 1843 768 1893 stipula
798 1856 896 1893 pour
929 1842 1079 1880 celui-ci
1107 1856 1182 1880 une
1208 1844 1365 1893 pension
1397 1844 1444 1881 de
1473 1847 1614 1882 60000
1636 1846 1681 1882 li-

279 1915 379 1949 vres,
398 1902 549 1952 jusqu'ii
569 1915 611 1939 ce
630 1915 703 1952 que
723 1902 757 1939 le
777 1903 833 1939 roi
854 1902 906 1939 lui
923 1904 986 1940 eut
1006 1903 1190 1940 constitue
1206 1917 1256 1940 un
1274 1912 1382 1941 autre
1400 1917 1570 1956 apanage
1591 1918 1682 1943 avec

278 1961 313 1998 la
333 1961 538 2012 mediation
559 1961 609 1998 du
631 1961 703 1998 duc
724 1961 770 1998 de
789 1960 946 1998 Calabre
965 1971 1002 1999 et
1021 1961 1073 1998 du
1092 1970 1216 1998 comte
1238 1962 1284 1999 de
1304 1963 1511 2004 Saint-Pol,
1542 1967 1595 2001 Le
1624 1965 1682 2002 roi

278 2031 391 2071 ayant
411 2022 476 2059 fait
496 2021 622 2059 savoir
641 2030 699 2058 cet
716 2021 852 2058 accord
877 2034 926 2058 au
947 2021 1018 2058 duc
1045 2021 1091 2058 de
1113 2024 1361 2072 Bourgogne,
1383 2022 1534 2059 celui-ci
1554 2024 1681 2061 refusa

277 2080 341 2131 d'y
361 2081 482 2118 croire
499 2082 677 2130 jusqu'au
697 2089 864 2118 moment
880 2083 929 2117 οὺ
947 2081 982 2117 la
1002 2081 1180 2117 nouvelle
1197 2081 1251 2117 lui
1271 2094 1319 2118 en
1338 2082 1392 2118 sut
1411 2082 1592 2132 apportee
1613 2096 1681 2132 par

276 2154 327 2178 un
347 2141 483 2178 herant
504 2140 555 2177 du
575 2140 648 2177 duc
668 2140 714 2177 de
735 2143 941 2192 Bretagne3
969 2158 984 2174 «
1008 2141 1102 2178 mais
1123 2154 1164 2178 ce
1190 2154 1267 2178 non
1299 2140 1467 2189 obstant,
1487 2142 1511 2178 il
1532 2155 1580 2179 ne
1600 2145 1680 2179 s’en

273 2200 408 2237 voulut
434 2200 513 2237 aler
536 2212 584 2236 ne
616 2199 858 2249 desemparer
884 2213 951 2237 son
988 2208 1057 2237 ost.
1092 2216 1106 2234 »
1134 2201 1184 2237 Ce
1211 2200 1304 2237 rccit
1331 2208 1386 2237 est
1415 2200 1681 2251 parfaitement

273 2260 496 2310 veridique3
528 2260 552 2296 il
589 2260 779 2297 concorde
815 2259 862 2297 de
896 2268 979 2297 tous
1017 2259 1142 2310 points
1179 2272 1270 2296 avec
1304 2259 1402 2296 celui
1433 2259 1479 2297 de
1507 2260 1679 2311 Philippe

275 2319 321 2356 de
349 2321 581 2367 Commines,
613 2329 650 2357 et
681 2327 829 2357 surtout
861 2332 954 2356 avec
982 2318 1017 2355 le
1046 2317 1153 2354 traite
1185 2317 1406 2362 d'Ancenis‚
1437 2319 1545 2368 passe
1574 2327 1679 2356 entre

275 2377 309 2414 le
340 2377 413 2414 duc
443 2378 489 2415 de
517 2381 704 2429 Bretagne
724 2386 759 2414 et
782 2378 895 2414 Louis
917 2379 973 2414 XI
1001 2378 1063 2424 (110
1097 2376 1311 2427 septembre
1344 2379 1486 2425 1468),
1516 2378 1609 2416 dont
1629 2392 1679 2415 on

275 2444 366 2484 peut
394 2436 479 2472 voir
507 2435 542 2472 le
566 2444 665 2472 texte
693 2435 786 2472 dans
814 2435 972 2486 Lenglet
1015 2434 1246 2487 Dufresnoy,
1276 2438 1503 2485 commines,
1539 2446 1563 2476 t.
1599 2440 1676 2492 ΙΙΙ,

274 2510 312 2546 p.
334 2499 371 2535 9.

328 2557 365 2594 1.
396 2558 448 2593 Le
472 2558 520 2605 14
541 2555 694 2593 octobre
714 2556 830 2596 1468.

327 2619 364 2656 2.
402 2637 417 2651 ss
441 2621 486 2655 Et
513 2618 569 2655 fut
597 2619 689 2656 tirce
720 2619 786 2656 des
813 2619 948 2656 cofsres
971 2619 1023 2656 du
1053 2632 1122 2668 roy
1154 2618 1189 2655 la
1220 2631 1335 2668 vraye
1363 2620 1469 2656 croix
1488 2631 1562 2669 que
1582 2619 1679 2657 saint

280 2677 568 2729 Charlemaigne
586 2678 739 2729 portoit,
755 2678 820 2728 qui
833 2678 1011 2730 s'appelle
1028 2678 1065 2716 la
1083 2678 1188 2716 croix
1204 2677 1250 2715 de
1270 2678 1443 2729 victoire,
1459 2687 1495 2717 et
1507 2679 1679 2726 jurerent

273 2738 307 2775 la
327 2739 429 2790 paix.
454 2757 466 2771 υ
492 2739 722 2786 Commines,
743 2739 809 2775 liv.
831 2741 883 2785 II,
904 2752 937 2774 c.
960 2752 1013 2775 1x.
