1923 3020
273 196 346 231 316
632 194 972 231 HISTORIARUM
1001 194 1234 231 LUDOVICI
1262 196 1317 230 XI

269 283 424 346 ipsum
439 285 502 328 sic
521 281 760 326 detinuit¹.
775 282 882 336 Quo
904 280 1181 326 decurrente
1205 291 1437 344 tempore,
1462 299 1571 328 cum
1594 301 1672 330 ne-

271 360 335 404 fas
358 356 628 419 hujusmodi
651 365 745 401 tam
771 356 863 401 dux
894 356 1168 418 Burgundiae
1189 373 1333 419 quam
1358 356 1452 403 dux
1470 357 1674 403 Clivien-

270 436 328 479 sis
345 437 372 490 Ξ,
401 433 651 496 pluresque
687 433 761 478 alii
795 450 848 478 ex
874 434 1235 494 consanguineis
1271 443 1316 479 et
1353 435 1515 480 amicis
1540 434 1672 481 ducis

269 519 619 556 exsecrarentur
654 519 694 554 et
732 509 933 554 multum
968 526 1086 572 aegre
1121 510 1317 569 ferrent,
1346 512 1444 574 ipse
1464 511 1558 557 dux
1582 511 1674 557 Cli-

269 587 436 632 viensis
481 586 541 631 ad
579 603 688 632 eum
721 586 1020 632 liberandum
1068 597 1236 633 contra
1275 586 1421 633 filium
1464 604 1594 634 arma
1630 599 1675 635 et

267 679 482 724 guerram
508 663 683 719 movit,
723 672 767 707 et
805 679 952 725 usque
990 663 1034 707 in
1075 662 1315 709 Geldriam
1351 664 1554 709 intravit.
1583 665 1674 711 Sed

267 755 376 784 cum
402 738 522 783 filius
548 738 728 784 auxiliis
751 740 1199 801 Noviomagensium
1230 749 1274 785 et
1304 740 1507 803 plurium
1539 741 1674 786 nobi-

268 816 380 862 lium
417 816 574 879 patriae
607 816 803 880 stipatus
830 827 875 862 et
901 816 1068 862 obvius
1093 818 1396 874 occurrisset,
1423 818 1677 882 compluri-

268 894 354 940 bus
389 895 515 940 caesis
551 904 596 940 et
640 894 954 958 captiv[at]is,
995 894 1146 939 fusum
1186 905 1231 940 et,
1270 895 1479 957 fugatum
1517 897 1675 960 patriae

270 971 440 1017 finibus
462 972 612 1034 ejecit.

333 1052 388 1093 Et
411 1049 639 1111 quoniam
666 1047 790 1093 idem
827 1048 950 1105 fili-us
973 1065 1069 1093 non
1109 1048 1355 1109 ignorabat
1389 1050 1673 1112 impietatem

267 1141 400 1170 suam
450 1125 756 1170 x·el]e11]e1]ter
797 1124 1044 1187 displicere
1098 1125 1493 1186 Burgundionum
1538 1127 1673 1186 duci,

267 1202 366 1263 ejus
402 1202 659 1265 potentiam
698 1201 955 1246 formidans
993 1200 1211 1247 studebat
1250 1201 1425 1247 foedera
1462 1219 1573 1248 cum
1606 1204 1678 1251 his

267 1278 521 1341 copulare,
558 1295 677 1341 quos
711 1277 770 1323 ad
808 1294 917 1322 eum
948 1277 1021 1322 vel
1059 1278 1323 1323 inimicitias
1358 1278 1533 1325 habere
1555 1317 1566 1339 ,
1603 1281 1675 1326 vel

267 1356 366 1416 ejus
409 1356 582 1419 pariter
612 1356 734 1400 vires
770 1364 910 1417 atque
942 1355 1204 1417 potentiam
1231 1365 1441 1402 metuere
1473 1374 1678 1420 cognos-

267 1433 415 1478 cebat.
443 1433 599 1490 Unde,
621 1432 835 1495 quamvis
859 1433 957 1496 ipse
978 1448 1100 1477 unus
1125 1442 1244 1478 esset
1265 1449 1318 1478 ex
1343 1433 1535 1480 delectis
1563 1435 1678 1480 mili-

268 1509 417 1568 tibus,
459 1510 638 1572 insigne
676 1509 1067 1571 Burgundionum
1106 1509 1282 1555 ducum
1322 1510 1497 1557 monile
1538 1521 1678 1575 atque

266 1587 475 1648 signum,
505 1586 663 1632 Vellus
685 1586 861 1632 scilicet
891 1603 1088 1632 aureum
1107 1588 1144 1645 ³,
1169 1587 1492 1634 deserentibus
1515 1588 1678 1650 (cujus

265 1664 447 1709 ratione
473 1665 653 1726 magnis
675 1663 909 1709 fidelitatis
935 1665 1239 1710 sacramentis
1263 1665 1415 1710 eidem
1440 1665 1574 1722 duci,
1596 1666 1677 1728 qui

265 1741 363 1801 ejus
395 1750 540 1786 coetus
571 1751 711 1803 atque
745 1741 1040 1786 fraternitatis
1070 1743 1318 1801 exsistunt,
1353 1742 1576 1805 conjungi
1612 1752 1677 1788 te-

266 1817 503 1878 nentur),
549 1817 782 1863 ferebatur
817 1827 974 1863 tamen
1016 1835 1124 1863 cum
1172 1818 1442 1864 Frisonibus
1485 1818 1677 1881 aliisque

266 1893 508 1939 nonnullis
547 1894 697 1940 foedus
736 1894 1006 1957 copulasse,
1040 1896 1120 1958 qui
1157 1895 1543 1958 Burgundionum
1567 1895 1675 1941 duci

264 1988 428 2034 parere
451 1972 845 2029 contemnebant,
874 1971 1239 2035 sollicitasseque
1275 1972 1459 2035 aliquos
1494 1972 1676 2018 nobiles

265 2057 406 2109 atque
451 2049 627 2112 oppida
661 2047 943 2107 [Iollandiae,
975 2058 1023 2094 ut
1053 2066 1124 2094 res
1160 2065 1307 2094 novas
1343 2049 1388 2093 in
1429 2048 1676 2095 Hollandia

265 2124 486 2169 adversus
523 2126 693 2171 ducem
733 2125 1034 2187 Burgundiae,
1078 2126 1329 2171 dominum
1365 2141 1525 2181 suum,
1555 2126 1677 2170 exci-

266 2209 419 2244 tarent
446 2218 454 2243 :
483 2201 653 2261 quibus
678 2202 775 2265 ipse
799 2201 972 2246 auxilio
1003 2201 1250 2247 adfuturus
1275 2202 1410 2247 foret.

335 2279 479 2321 Porro
504 2294 612 2321 cuni
639 2279 737 2339 ejus
773 2278 997 2324 factiones
1038 2288 1082 2325 et
1121 2279 1364 2324 molimina
1402 2277 1676 2340 hujusmodi

269 2355 659 2416 Burgundionum
696 2357 803 2402 duci
841 2357 1178 2413 innotuissent,
1217 2358 1297 2419 qui
1334 2358 1499 2420 saepius
1534 2356 1594 2402 ab
1618 2372 1674 2401 eo

266 2432 587 2476 commonitus
609 2431 773 2488 fuerat,
797 2434 935 2477 variis
958 2434 1098 2478 etiam
1117 2433 1177 2479 ad
1198 2450 1306 2479 eum
1334 2434 1533 2497 proinde
1553 2433 1675 2495 lega-

324 2557 357 2588 1.
391 2555 483 2600 Cinq
511 2551 605 2587 mois
625 2552 849 2596 seulement,
867 2553 971 2589 selon
991 2554 1220 2600 Commines,
1241 2553 1266 2591 1.
1289 2555 1355 2599 IV,
1374 2568 1406 2588 c.
1435 2568 1461 2591 1.

322 2617 357 2650 τὶ.
391 2617 504 2659 Jean,
529 2613 601 2650 duc
621 2613 667 2650 de
686 2614 818 2651 Clcves
832 2643 840 2655 ,
866 2614 1089 2651 beau-frere
1111 2615 1161 2651 du
1182 2616 1254 2651 duc
1273 2615 1458 2652 Arnould.

322 2676 358 2711 3.
391 2674 550 2710 L'ordre
570 2673 616 2710 de
634 2674 669 2710 la
689 2674 824 2710 Toison
845 2674 949 2710 d’Or.
