1923 3020
764 254 909 289 LIBER
938 250 1202 291 SECUNDUS.
1613 252 1628 286 1
1639 251 1660 285 8
1667 253 1685 286 ’1

287 343 357 389 vel
385 342 442 388 ad
467 358 627 388 secum
653 340 914 387 ineundum
939 339 1164 385 amicitias
1184 337 1532 401 compellendo,
1558 347 1602 382 et
1623 338 1687 383 eis

283 421 468 485 penitus
492 418 846 476 renunfiando',
867 433 982 480 quas
1005 433 1113 462 cum
1140 415 1266 461 dicto
1294 413 1687 477 Burgundionum

284 498 402 543 duce
428 495 685 558 copularat.
710 499 867 540 Unum
886 495 1012 539 enim
1031 493 1102 539 vel
1122 494 1322 539 alterum
1344 492 1381 537 si
1403 501 1686 537 consecutus

285 574 425 631 foret,
458 588 555 616 non
586 572 774 617 difficile
805 571 1004 616 nimium
1034 569 1282 634 reputabat
1311 569 1451 631 quin,
1483 584 1592 614 cum
1616 567 1689 613 his

285 664 401 710 quas
425 646 626 692 habebat
653 648 801 711 copiis
827 646 1126 703 militaribus,
1156 645 1342 707 adjutus
1369 645 1507 690 etiam
1540 645 1686 689 Brito-

285 724 443 782 nibus,
470 724 543 769 vel
566 724 624 769 de
652 725 716 769 eis
750 724 958 769 securior
990 723 1136 768 sactus
1170 722 1301 784 quod
1329 737 1356 766 a
1387 731 1517 783 tergo
1543 720 1687 767 relicti

283 801 372 847 sibi
403 802 597 847 minime
630 801 968 866 impedimento
991 799 1161 855 forent,
1191 798 1365 844 ducem
1392 798 1686 860 Burgundio-

286 894 402 922 num
430 878 716 940 opprimeret
747 886 885 940 atque
911 875 1221 938 exstingueret
1249 892 1257 918 2
1298 874 1355 920 ad
1385 875 1515 937 quod
1545 873 1687 920 vehe-

285 954 432 999 menti
455 953 777 999 inardescebat
803 952 1052 999 desiderio.

351 1031 496 1076 Missis
536 1032 673 1093 igitur
708 1030 887 1092 magnis
924 1028 1145 1074 adversus
1187 1027 1469 1072 Britanniam
1507 1027 1682 1090 copiiS,

285 1109 417 1170 quasi
452 1107 602 1153 foedus
633 1107 807 1153 habere
839 1105 973 1151 vellet
1005 1121 1114 1150 cum
1145 1103 1530 1165 Burgundionum
1566 1103 1687 1150 duce

284 1200 365 1228 rex
385 1183 624 1243 simulans,
646 1200 753 1229 cum
771 1199 961 1228 suarum
981 1182 1120 1227 etiam
1140 1179 1369 1226 nonnulla
1386 1189 1517 1243 parte
1537 1181 1689 1243 copia-

285 1278 407 1318 rum,
431 1260 490 1306 ad
511 1261 741 1324 oppidum
761 1259 1131 1323 Compeudium²
1150 1274 1197 1303 se
1221 1256 1438 1302 contulit.
1465 1257 1557 1303 Sed
1579 1275 1689 1303 cum

286 1338 426 1401 paulo
456 1348 586 1397 ante,
617 1338 851 1384 civitatem
882 1337 1006 1381 illam
1034 1334 1347 1398 superborum
1371 1333 1688 1397 perfidorum-

285 1431 377 1477 que
406 1415 705 1474 Eburonum,
736 1413 986 1470 Leodium,
1015 1422 1274 1474 caeteraque
1300 1412 1460 1475 patriae
1484 1412 1684 1475 oppida,

286 1492 444 1537 denuo
471 1509 741 1556 percussum
770 1491 919 1537 soedus
945 1490 1279 1553 abrumpentes
1309 1499 1354 1534 et
1382 1488 1684 1547 rebellantes,

286 1568 675 1629 Burgundionum
695 1568 788 1614 dux
806 1567 995 1612 illustris
1013 1566 1374 1630 perdomuisset,
1395 1583 1562 1612 eorum
1580 1583 1689 1613 moc-

286 1645 425 1691 nibus
460 1645 758 1708 turribusque
783 1643 990 1706 dejectis,
1017 1643 1275 1706 ablatisque
1299 1644 1440 1689 armis
1464 1660 1566 1706 quae
1600 1644 1687 1689 eis-

286 1721 395 1767 dem
416 1722 643 1785 superbia‘
666 1731 806 1784 atque
832 1721 1100 1767 rebellionis
1125 1737 1309 1784 semper
1330 1721 1574 1767 materiam
1600 1722 1688 1766 mi-

285 1799 594 1858 nistral)a11t³,
637 1808 808 1862 putans
842 1808 1092 1862 propterea
1129 1808 1298 1855 terras,
1340 1814 1457 1860 quas
1495 1813 1521 1842 a
1558 1807 1686 1860 tergo

286 1876 595 1940 relinquebat,
619 1875 920 1940 paucioribus
937 1875 1177 1937 subjacere
1196 1874 1431 1938 periculis,
1455 1890 1565 1920 cum
1590 1891 1689 1921 ma-

287 1955 387 2017 gnis
409 1954 556 2018 copiis
580 1954 770 1999 obviam
795 1954 889 2016 regi
913 1954 1055 1998 venit.

353 2031 419 2076 Ad
445 2048 612 2094 quem,
640 2047 749 2075 cum
778 2031 826 2075 in
854 2034 1035 2075 Perona
1062 2029 1242 2092 oppido
1266 2037 1407 2086 esset,
1435 2043 1576 2091 supra
1600 2028 1689 2074 flu-

287 2124 395 2154 men
424 2110 718 2165 Summonae,
752 2123 852 2163 rex,
882 2123 1045 2170 pacem
1069 2123 1178 2152 cum
1207 2122 1263 2151 eo
1294 2105 1411 2151 velle
1434 2105 1688 2152 conciliare

286 2185 535 2244 simulans,
563 2185 732 2230 multas
756 2184 1010 2247 legationes
1032 2184 1157 2229 misit
1187 2201 1196 2228 :
1225 2200 1351 2229 nunc
1379 2183 1687 2246 Andegaven-

286 2278 383 2307 sem
417 2263 714 2326 episcopum,
754 2271 1070 2323 cognomento
1107 2259 1303 2317 Balnea,
1340 2277 1482 2323 quem
1518 2261 1687 2307 eodem

286 2354 417 2401 paene
443 2354 569 2383 anno
594 2355 649 2383 ex
674 2338 874 2402 simplici
902 2337 1071 2383 clerico
1100 2337 1377 2401 episcopum
1400 2347 1446 2383 et
1470 2338 1686 2385 cardina-

344 2502 377 2539 l.
410 2500 536 2536 Mieux
558 2499 747 2547 vaudrait,
765 2502 821 2536 vel
837 2501 890 2535 ml
904 2512 1023 2535 secam
1044 2501 1241 2536 ineundum
1259 2499 1447 2536 amicitias
1460 2508 1494 2535 et
1513 2500 1565 2534 eis
1580 2503 1690 2547 peni-

287 2569 343 2595 tas
363 2561 648 2595 remmtiandum
662 2588 672 2605 ,
693 2573 798 2608 quus,
816 2567 903 2604 etc„
923 2560 1183 2608 compellendo.

339 2621 377 2657 2.
410 2619 655 2670 Coinpiegne.

340 2681 375 2716 3.
408 2679 625 2716 Novembre
644 2682 760 2717 1467.

340 2741 376 2774 4.
407 2741 501 2775 Jean
523 2738 650 2776 Balue.
