1923 3020
743 233 885 267 LIBER
921 233 1162 278 QUARTUS.
1582 237 1657 271 295

254 328 413 364 manet
435 319 548 381 quin
575 318 732 381 plures
764 336 818 364 ex
859 321 1272 381 Burgundionibus
1319 323 1364 368 in
1403 323 1482 369 illo
1509 324 1655 369 infor—

254 395 386 439 tunio
418 395 684 457 perierunt3
724 397 956 458 quamviS,
984 413 1042 442 an
1075 415 1214 461 supra
1243 398 1315 445 vel
1354 399 1473 445 infra
1507 400 1656 445 mille-

251 472 434 517 narium
468 488 734 528 numerum,
764 486 958 536 propter
1000 475 1149 521 varias
1187 476 1516 523 dissidentium
1549 494 1656 541 par-

250 549 366 594 tium
393 548 658 611 opiniones,
687 551 745 595 sit
773 552 1025 597 incertum.

315 625 446 670 Aliud
493 635 650 671 autem
698 628 1008 673 infortunium
1032 664 1042 684 ,
1092 631 1343 691 penuriam
1391 632 1565 677 scilicet
1610 642 1654 678 et

247 701 477 746 caristiam
517 718 735 763 magnam
769 719 969 748 annouae
1005 704 1094 749 illic
1128 705 1266 751 etiam
1301 707 1655 769 Burgundiones

247 778 366 840 passi
393 777 596 823 fuerunt.
642 782 756 824 Nam
796 796 903 824 cum
937 780 1237 842 providentia
1262 784 1653 845 Burgundionum

248 853 380 898 ducis
416 853 573 899 suisset
610 865 661 900 ut
700 857 744 899 in
778 856 1078 900 multitudine
1114 873 1280 919 magna
1311 876 1537 905 curruum
1561 861 1654 906 illic

247 929 305 975 de
337 931 470 975 terris
494 931 588 975 suis
612 947 804 977 annona
826 932 1078 978 abundans
1102 933 1432 991 adveheretur,
1462 938 1652 995 Franci,

245 1007 327 1068 qui
362 1007 407 1051 in
432 1007 699 1053 civitatibus
724 1016 768 1052 et
803 1008 989 1070 oppidis
1019 1009 1157 1070 regiis
1183 1011 1487 1058 circumcirca
1510 1013 1649 1059 locati

245 1093 395 1139 erant,
422 1084 612 1129 insidias
637 1084 907 1144 hujusmodi
931 1086 1146 1131 curribus
1170 1097 1216 1132 et
1236 1104 1476 1134 annonam
1501 1090 1649 1152 ipsam

244 1160 620 1205 conducenlibus
652 1162 699 1205 in
724 1161 888 1206 itinere
919 1162 1235 1221 tetenderunt,
1274 1164 1320 1209 in
1347 1165 1568 1228 ipsosque
1595 1183 1649 1213 ex

242 1236 479 1299 insperato
507 1237 751 1294 irruentes,
778 1237 905 1281 caesis
931 1248 1070 1299 atque
1096 1240 1341 1302 captivatis
1366 1241 1539 1300 multis,
1568 1245 1648 1305 qui

242 1311 312 1357 vel
345 1312 404 1358 ad
427 1328 530 1357 eam
554 1311 842 1369 vehendam,
866 1313 939 1358 vel
962 1331 1124 1360 secure
1154 1315 1485 1363 deducendam
1515 1320 1650 1365 mini·

239 1390 433 1434 sterium
469 1388 764 1452 praebebant,
792 1389 998 1436 abducta
1035 1401 1177 1454 atque
1214 1393 1398 1458 direpta
1431 1390 1647 1457 hujusce-

240 1465 369 1510 modi
395 1482 610 1523 annona,
655 1477 704 1511 ut
748 1467 793 1511 in
830 1468 991 1513 castris
1031 1470 1426 1531 Burgundionum
1468 1472 1649 1536 aliquot

238 1541 402 1587 diebus
427 1541 528 1587 dira
551 1541 696 1588 fames
719 1551 762 1588 et
782 1543 964 1588 caristia
983 1554 1150 1600 essent,
1176 1546 1450 1593 effecerunt.

727 1772 1065 1815 CAPlTULUM
1101 1775 1156 1816 ΙΙ.

235 1904 425 1947 Quomodo
447 1902 741 1949 Burgundionum
761 1903 846 1947 dux,
862 1906 1010 1950 acceptis
1026 1906 1178 1951 epistolis
1197 1906 1294 1940 ducis
1314 1908 1499 1941 Britanniae
1516 1917 1547 1942 et
1564 1922 1648 1955 pro-

284 1958 432 1991 cessibus
450 1957 577 1990 habitis
599 1965 718 1989 contra
739 1957 911 1990 veneficos
938 1958 971 1990 in
990 1959 1180 2004 Burdegala
1194 1987 1202 2001 ,
1229 1961 1287 2004 qui
1311 1960 1435 1993 ducem
1456 1962 1648 2006 Aquitaniae

284 2011 526 2052 intoxicarant‚
549 2011 659 2043 soluta
679 2009 864 2042 obsidione
884 2011 1017 2044 Belvaci
1030 2038 1038 2053 ‚
1061 2024 1162 2056 agros
1182 2012 1375 2047 Caletenses
1394 2022 1426 2047 et
1446 2015 1531 2047 alios
1557 2015 1647 2048 vici-

283 2076 347 2097 nos
379 2077 485 2109 usque
513 2063 558 2097 ad
588 2063 719 2096 flumen
752 2064 873 2105 Isarae,
904 2064 1020 2097 onmia
1052 2064 1259 2110 populando
1291 2073 1324 2098 et
1355 2066 1562 2110 cremando,
1592 2067 1647 2100 lu-

283 2124 415 2150 stravit.

293 2237 420 2289 ‚Sane
443 2251 551 2279 cum
577 2235 623 2279 in
649 2236 808 2280 castris
831 2235 924 2279 suis
949 2245 1057 2280 ante
1082 2235 1254 2280 dictam
1277 2236 1516 2282 civitatem
1542 2237 1642 2284 Bel-

237 2326 407 2355 vacum
444 2310 599 2356 adhuc
651 2310 1042 2372 Burgundionum
1083 2311 1178 2357 dux
1223 2322 1379 2368 esset,
1424 2312 1645 2376 epistolas

236 2386 412 2449 recepit
443 2401 469 2431 a
503 2386 623 2432 duce
649 2387 922 2444 Britanniae‚
963 2404 1056 2433 una
1092 2405 1201 2433 cum
1231 2398 1470 2450 gestorum
1507 2390 1645 2453 copia

235 2479 480 2526 processus
516 2461 661 2508 habiti
697 2464 744 2508 in
776 2463 1050 2525 Burdegala,
1087 2465 1363 2527 priusquam
1386 2465 1479 2510 dux
1503 2467 1644 2527 Aqui-

236 2540 370 2584 taniae
393 2539 518 2584 diem
542 2539 783 2585 clauderet
808 2549 1087 2599 extremum,
1122 2551 1288 2586 contra
1317 2541 1420 2587 illos
1452 2541 1647 2589 scelera-

236 2616 441 2661 tissimos
477 2626 522 2662 et
554 2616 792 2663 maleficos
831 2634 855 2663 a
892 2617 1028 2663 nobis
1065 2635 1206 2682 supra
1243 2619 1535 2678 nominatos,
1564 2616 1645 2682 qui

239 2693 391 2739 eidem
413 2693 520 2739 duci
545 2694 714 2740 lethale
752 2695 878 2740 virus
907 2695 1194 2742 sumendum
1219 2694 1526 2741 tradiderant.
1557 2698 1645 2741 Per
