1923 3020
696 289 838 323 LIBER
888 288 1111 333 QUINTUS.
1546 287 1621 321 405

225 375 454 437 apparuit.
480 378 618 433 Nam,
656 376 721 420 uti
760 375 982 429 diximus,
1021 391 1128 419 cum
1164 374 1209 418 in
1241 372 1506 435 Burgundia
1544 388 1616 417 re-

224 461 409 514 ceptus,
436 460 481 496 et
502 451 717 497 hostibus
748 451 958 513 undique
991 450 1367 496 circumvallatus
1396 450 1441 494 in
1467 449 1618 494 maxi-

226 543 417 589 masque
447 529 680 587 angustias
713 529 953 581 detrusus,
980 526 1276 571 subditorum
1311 526 1477 572 auxilia
1509 534 1620 570 tunc

225 603 310 647 sibi
332 604 534 666 praestari
554 604 818 658 mandaret,
844 619 971 647 nunc
994 603 1131 647 etiam
1158 612 1364 663 rogaret,
1392 601 1623 647 obaudie—

225 677 302 724 bat
327 695 493 736 nemo3
523 696 793 726 succurrere
818 679 972 724 nullus
995 677 1261 724 festinabat.

709 906 1040 950 CAPITULUM
1074 906 1130 948 X.

285 1038 416 1071 Iterum
433 1036 477 1071 de
495 1038 672 1070 communi
689 1050 866 1071 murmure
883 1038 1040 1070 omnium
1057 1037 1214 1071 Statuum
1236 1046 1408 1070 terrarum
1425 1050 1563 1070 suarum

811 1090 974 1123 adversus
994 1104 1041 1124 se.

290 1208 414 1263 Quin
437 1208 592 1271 potius
618 1224 801 1263 omnes,
830 1223 961 1271 paene
985 1207 1043 1252 de
1067 1207 1197 1252 omni
1222 1215 1341 1252 statu
1367 1216 1412 1252 et
1436 1206 1620 1263 ordine,

224 1285 396 1347 passim
438 1294 601 1329 contra
652 1284 913 1346 principem
958 1283 1320 1329 murmurabant
1362 1301 1370 1327 :
1410 1283 1620 1341 nobiles,

225 1361 353 1423 quod
379 1361 419 1405 ei
443 1372 549 1406 ante
575 1362 787 1406 Nussiam
817 1371 861 1406 et
897 1362 943 1406 in
972 1361 1185 1424 pluribus
1216 1360 1620 1424 expeditionibus,

225 1439 271 1483 in
309 1439 518 1483 maximis
550 1438 792 1500 periculis,
820 1439 1021 1501 propriis
1059 1438 1197 1482 etiam
1223 1438 1466 1500 stipendiis
1501 1438 1622 1482 mili-

226 1523 427 1570 tassent,
468 1514 692 1576 quodque
731 1531 811 1559 eos
859 1514 1055 1559 adverso
1090 1523 1302 1577 tempore
1337 1523 1382 1559 et
1415 1513 1624 1558 hibernis

225 1590 484 1644 mensibus,
512 1591 559 1635 in
587 1591 742 1652 algore
766 1601 811 1635 et
842 1589 1074 1652 glaciebus
1091 1627 1102 1647 ,
1130 1589 1360 1635 imbribus
1391 1599 1528 1650 atque
1552 1589 1625 1633 ni-

223 1667 381 1725 vibus,
420 1668 569 1713 victus
604 1668 850 1712 necessarii
891 1667 1100 1729 inopiam
1135 1666 1215 1711 diu
1250 1666 1299 1710 in
1337 1667 1497 1711 castris
1531 1666 1626 1710 suis

225 1744 423 1790 tolerare
445 1744 695 1805 coegisset,
727 1743 855 1789 nulla
885 1744 1067 1790 ratione
1101 1743 1404 1788 humanitatis
1438 1742 1620 1798 habita,

224 1837 279 1865 ex
308 1837 403 1882 quo
436 1820 592 1883 plures
621 1821 740 1866 fame
769 1830 813 1865 et
850 1820 1005 1865 inedia
1038 1819 1365 1877 extabuerant,
1392 1818 1464 1863 vel
1487 1819 1626 1863 variis

223 1896 400 1941 morbis
418 1913 588 1957 magno
607 1913 806 1942 numero
821 1898 1089 1960 consumpti
1114 1897 1317 1952 fuerant3
1340 1895 1467 1957 quod
1485 1896 1623 1941 etiam

223 1974 472 2020 indiscrete
495 1984 634 2037 atque
657 1974 922 2037 improvide
952 1991 1032 2019 eos
1059 1975 1223 2036 saepius
1256 1973 1434 2035 magnis
1465 1972 1622 2034 objec-

224 2060 362 2097 tasset
388 2052 603 2114 periculis
620 2088 630 2107 ,
665 2068 720 2096 ex
748 2068 843 2114 quo
876 2051 1049 2096 multos
1081 2050 1260 2111 gladius
1285 2050 1465 2095 hostilis
1491 2051 1621 2095 attri-

223 2136 374 2183 verat3
418 2129 591 2173 caeteris
628 2137 811 2182 autem,
855 2127 931 2189 qui
977 2126 1068 2171 tale
1113 2125 1373 2188 periculum
1421 2125 1625 2187 effugere

224 2203 505 2264 potuissent,
533 2220 686 2266 neque
723 2203 896 2260 honor,
930 2219 1082 2264 neque
1109 2202 1363 2248 commoda
1388 2201 1482 2247 ulla
1514 2218 1625 2265 pro-

224 2289 472 2334 venerant,
500 2281 595 2325 imo
629 2290 674 2325 et
706 2280 1035 2343 quamplures,
1063 2279 1135 2324 vel
1163 2278 1364 2324 venditis
1398 2280 1626 2342 patrimo-

223 2356 312 2400 niis
350 2356 422 2400 vel
456 2357 733 2418 pignoratis,
772 2357 953 2402 fuerant
984 2365 1123 2418 atque
1154 2366 1285 2401 erant
1316 2356 1376 2401 ad
1406 2371 1622 2417 magnam

223 2441 545 2493 paupertatem
578 2433 809 2484 devoluti,
841 2433 921 2495 qui
947 2442 1167 2495 perantea
1203 2432 1458 2496 locupletes
1489 2432 1626 2477 exsti-

223 2510 402 2554 tissent.

287 2585 618 2641 Querebantur
641 2595 685 2630 et
708 2586 1001 2632 ecclesiastici
1027 2587 1226 2648 graviter
1251 2585 1382 2648 quod
1413 2601 1438 2630 a
1467 2584 1626 2630 militi-

222 2662 309 2708 bus
344 2663 437 2707 suis
471 2679 791 2725 saepenumero
816 2663 965 2720 bona,
997 2663 1090 2708 suis
1114 2662 1336 2726 deputata
1360 2661 1549 2719 usibus,
1583 2671 1626 2707 et

222 2741 464 2803 potissime
484 2740 674 2785 decimae
693 2749 737 2785 et
762 2740 960 2802 grangiae
980 2739 1169 2803 direptae
1191 2750 1330 2801 atque
1351 2740 1397 2785 in
1424 2740 1629 2803 praedam
