1923 3020
666 241 809 276 LIBER
849 240 1064 276 TERTIUS.
1490 241 1562 277 241

169 335 267 371 tore
287 336 426 385 satus,
447 343 555 372 eum
574 336 729 372 tamen
749 327 795 371 in
816 327 1132 389 germanitatis
1152 327 1563 384 necessitudinem,

170 411 390 463 tanquam
414 404 618 465 parentis
647 404 716 448 sui
740 403 999 450 naturalem
1036 403 1181 449 filium
1212 407 1492 468 receperat¹,
1521 415 1566 450 et

170 479 389 524 dominiis
419 488 673 538 terrarum,
699 497 847 542 nsque
875 480 935 526 ad
958 481 1167 526 valorem
1198 498 1410 527 annuum
1445 481 1566 527 duo-

170 572 274 600 rum
296 555 421 599 niille
450 566 692 601 scutorum
721 558 844 614 auri,
872 556 1100 601 ditaverat
1120 556 1298 619 absque
1324 559 1562 620 pensioni-

170 630 257 676 bus
296 640 339 675 et
375 630 474 676 aliis
506 631 732 689 donariis,
773 648 874 694 qnae
916 632 961 676 in
1002 648 1110 676 eum
1151 634 1260 678 satis
1302 633 1569 696 frequenter

170 706 384 751 conferre
410 706 572 752 solitus
595 718 707 754 erat.

235 782 325 827 Sed
355 792 398 826 et
428 783 638 844 profecto
665 784 783 844 regis
816 782 1037 846 pudenda
1066 784 1172 827 satis
1206 785 1569 832 inconsideratio

170 875 249 903 seu
274 858 543 904 indiscretio
563 861 777 923 apparuit
796 859 926 922 quod
946 876 1071 916 eum,
1095 861 1173 921 qui
1195 877 1282 922 pro
1316 863 1429 907 tanti
1456 879 1573 908 con-

170 936 358 980 scientia
409 936 615 982 criminis
658 938 742 998 (¹³9
784 937 1097 999 suspicionem
1150 936 1345 982 dixerim
1387 939 1571 1001 solum)

171 1013 302 1074 cujus
330 1023 493 1058 auctor
521 1014 617 1077 ipse
644 1023 902 1077 putaretur,
934 1013 1160 1076 profugus
1186 1023 1326 1076 atque
1354 1015 1573 1077 fugitivus

171 1098 313 1147 esset,
355 1090 606 1152 receperit,
647 1091 838 1153 insuper
871 1090 1009 1134 etiarn
1045 1099 1090 1134 et
1125 1090 1399 1136 muneribus
1435 1102 1573 1154 atque

171 1165 308 1211 donis
337 1166 580 1211 affecerit?
617 1167 777 1212 Melius
802 1166 928 1211 enim
966 1175 1061 1210 tam
1097 1166 1277 1211 scelesti
1315 1176 1456 1229 atque
1488 1185 1575 1214 ne-

173 1243 298 1288 fandi
322 1243 557 1306 parricidii
589 1243 903 1305 suspicionem
940 1242 1142 1304 effugere
1174 1253 1219 1288 et
1245 1259 1269 1288 a
1292 1260 1340 1289 se
1375 1245 1575 1290 alienam

174 1319 322 1364 facere
358 1319 508 1364 inulto
546 1318 803 1364 consultius
840 1327 883 1363 et
924 1317 1213 1381 probabilius
1251 1320 1501 1382 potuisset,
1540 1322 1577 1366 si

172 1413 280 1441 eum
301 1396 494 1440 minime
513 1411 539 1440 a
556 1412 604 1440 se
624 1395 778 1458 palam
802 1404 1062 1457 receptum,
1091 1404 1135 1440 et
1158 1395 1433 1442 muneribus
1453 1398 1576 1443 clan-

172 1473 279 1517 culo
303 1472 554 1530 donatum,
583 1471 642 1516 ad
676 1471 869 1533 alicujus
893 1471 1081 1516 alterius
1110 1472 1198 1518 sibi
1230 1473 1367 1519 amici
1390 1474 1463 1519 vel
1493 1475 1575 1520 foe-

173 1549 321 1595 derati
358 1549 582 1612 principis
619 1558 791 1594 terrani
825 1548 1049 1594 alendum
1084 1549 1357 1609 dimisisset,
1397 1551 1574 1614 absque

172 1624 264 1670 hoc
291 1625 445 1686 quod,
478 1641 586 1670 cum
616 1626 730 1670 tanti
764 1625 954 1671 infamia
982 1626 1213 1684 criminis,
1250 1627 1298 1672 in
1329 1629 1458 1674 curia
1491 1646 1573 1675 sua

173 1702 246 1747 vel
270 1719 414 1764 regno
439 1718 465 1747 a
488 1701 697 1763 quolibet
718 1702 971 1748 videretur.
1000 1703 1090 1748 Sed
1115 1703 1223 1749 talia
1246 1703 1573 1766 hujuscemodi

174 1779 368 1824 minime
398 1780 471 1824 vel
499 1786 670 1842 'parum
704 1795 779 1824 rex
810 1779 908 1842 ipse
935 1779 1173 1825 attendere
1203 1780 1278 1825 vel
1310 1781 1573 1843 ponderare

175 1855 438 1911 videbatur,
460 1855 533 1900 cni
551 1855 710 1900 talium
729 1855 1099 1901 erubescentiam
1120 1856 1379 1901 facinorum
1399 1858 1575 1903 machi·

175 1931 321 1977 nandi
345 1940 483 1993 atque
514 1931 730 1994 patrandi
758 1932 856 1993 jam
882 1932 1155 1978 assuefactio
1183 1932 1466 1991 abstulisset,
1492 1952 1576 1998 per

174 2008 416 2053 infamiam
434 2017 477 2053 et
494 2007 672 2053 bonam
697 2007 884 2065 famam,
907 2026 962 2054 ex
980 2024 1114 2070 aequo
1134 2009 1305 2071 pariter
1326 2020 1368 2055 et
1388 2011 1568 2073 iniquo,

175 2083 439 2129 dummodo
463 2083 772 2146 cupiditatum
796 2100 986 2129 suarum
1007 2100 1203 2147 compos
1233 2084 1353 2130 effici
1385 2096 1571 2149 posset;

230 2238 265 2272 1.
295 2232 522 2278 Chastelain,
539 2232 603 2281 qui
618 2231 765 2269 n’eleve
782 2245 848 2282 pas
865 2231 912 2269 de
929 2232 1060 2269 doutes
1077 2245 1141 2269 sur
1153 2245 1221 2269 son
1237 2231 1398 2282 origine,
1417 2246 1579 2290 oppose‚

176 2310 224 2333 au
252 2294 458 2340 contraire,
490 2307 529 2330 sa
557 2294 733 2330 situation
767 2293 817 2329 du
845 2293 975 2330 vivant
1001 2293 1048 2329 de
1073 2306 1139 2329 son
1158 2295 1249 2343 pere
1271 2295 1291 2329 a
1309 2293 1403 2330 celle
1423 2297 1471 2331 οὺ
1494 2296 1517 2332 il
1539 2311 1578 2334 se

177 2353 341 2391 trouvait
362 2366 448 2389 sous
471 2353 504 2389 le
530 2353 602 2389 duc
629 2353 782 2390 Charles
805 2369 813 2389 :
840 2370 855 2386 «
876 2352 991 2389 Avoit
1015 2365 1062 2389 en
1087 2352 1162 2389 bon
1188 2360 1308 2402 temps
1334 2360 1371 2389 et
1399 2353 1445 2390 de
1469 2366 1579 2405 grant

176 2412 301 2462 espoir
322 2411 372 2447 du
397 2420 517 2461 temps
537 2411 586 2447 du
606 2410 682 2448 bon
703 2411 775 2448 duc
795 2411 980 2461 Philippe,
1003 2423 1072 2447 son
1091 2411 1196 2461 pere,
1222 2410 1298 2447 bon
1318 2419 1354 2447 et
1373 2413 1495 2461 grand
1515 2428 1580 2451 en-

177 2478 446 2516 tretenement,
469 2482 553 2506 sans
575 2470 756 2507 servitute
778 2479 814 2507 ct
837 2483 920 2507 sans
947 2470 1031 2507 nuls
1054 2482 1241 2520 apparens
1261 2469 1450 2519 dangiers.
1478 2475 1581 2510 Dont

177 2530 278 2566 veoit
301 2529 335 2566 le
360 2537 480 2579 temps
504 2529 555 2565 du
583 2530 734 2579 present
759 2537 855 2566 estre
883 2537 962 2565 tout
988 2537 1117 2576 autre,
1146 2537 1226 2565 tout
1251 2528 1323 2565 dur
1345 2537 1381 2565 et
1407 2539 1579 2584 estrange

177 2602 312 2626 envers
331 2587 479 2624 l'aultre
500 2589 620 2637 passe.
645 2606 660 2620 n
686 2590 787 2625 Part.
811 2590 882 2634 ΙΙΙ,
902 2587 963 2626 ch.
986 2601 1137 2626 (mxxxr

230 2650 266 2684 2.
301 2646 581 2684 Contradiction
602 2659 695 2684 avec
711 2660 753 2683 ce
774 2659 847 2696 que
868 2646 1029 2682 l'auteur
1049 2645 1150 2682 vient
1170 2644 1216 2682 de
1238 2645 1319 2682 dire
1344 2645 1395 2683 du
1415 2646 1547 2685 hatard
1568 2664 1574 2684 z

178 2711 277 2743 tenui
302 2708 434 2743 honore
456 2715 656 2754 susceptas,
674 2709 858 2755 repulsam
879 2709 1038 2754 accepit,
1060 2714 1127 2741 etc,

389 2793 423 2814 11
1320 2778 1368 2813 ‘lG
