1923 3020
257 238 332 274 166
617 234 954 270 HISTORIARUM
982 235 1217 271 LUDOVICI
1243 236 1298 271 XI

257 321 685 387 (quemadmodum
720 335 861 383 supra
893 320 1195 382 retulimus),
1235 321 1282 365 in
1319 336 1411 365 suae
1451 321 1656 383 perfidiae

256 415 445 465 poenam
472 397 855 459 damnorumque
884 413 909 441 a
941 413 988 442 se
1019 397 1240 443 datorum
1274 396 1555 442 nonnullam
1586 414 1658 444 re-

254 490 577 536 compensam,
602 474 867 534 quingentis
892 473 1096 519 millibus
1121 474 1414 519 florenorum
1438 473 1656 520 Rhenen-

255 553 401 598 sium¹
426 549 636 595 mulctati
661 559 770 595 sunt
803 566 811 593 :
851 566 995 612 quam
1019 566 1253 596 summam
1288 566 1371 613 per
1393 559 1545 595 certos
1568 560 1659 596 ter-

256 629 409 674 minos
442 625 712 690 dependere
744 625 999 673 haberent.
1041 626 1189 672 Simul
1220 628 1359 672 etiam
1388 636 1437 672 ut
1468 644 1523 673 ex
1549 627 1660 690 ipsis

256 721 396 767 supra
433 703 692 760 ducentos,
742 719 861 763 quos
904 702 1296 764 Burgundionum
1334 703 1430 748 dux
1467 703 1660 749 duceret

257 779 602 834 nominandos,
630 779 846 824 venirent
888 778 1144 824 ssrucellam
1163 816 1174 837 ,
1213 779 1342 824 flexis
1371 778 1567 841 genibus
1587 816 1597 836 ,
1635 795 1661 825 a

257 858 377 903 duce
400 856 634 920 supplices
660 856 846 901 veniam
870 855 1185 917 deprecaturi,
1213 854 1524 918 sigillatasque
1544 855 1663 901 litte-

260 951 334 981 ras
373 935 432 980 de
471 933 685 997 capitulis
733 949 965 978 concessae
1009 942 1054 978 et
1097 949 1123 978 a
1163 948 1210 978 se
1251 942 1500 995 acceptat-ae
1537 934 1664 996 pacis

259 1029 420 1059 secum
443 1011 689 1069 afferrent,
717 1009 923 1056 damnati
944 1019 1070 1055 sunt.
1110 1012 1167 1054 Et.
1188 1009 1282 1056 hoc
1306 1009 1498 1072 quidem
1519 1010 1665 1056 adim-

261 1075 466 1152 plerunt,
485 1104 599 1150 pace
622 1085 896 1148 hujusmodi
921 1085 1086 1131 litteris
1103 1096 1147 1130 et
1168 1088 1348 1148 magnis
1368 1087 1667 1132 sacramentis

265 1166 519 1213 roborata‘2.
541 1168 642 1210 Non
651 1164 804 1208 nullos
818 1163 960 1208 etiam
975 1163 1225 1208 solutionis
1239 1163 1465 1208 terminos
1476 1179 1667 1209 summae

267 1243 516 1308 praedictae,
546 1243 590 1286 in
614 1257 706 1303 qua
728 1239 1098 1297 mulctabantur,
1126 1238 1454 1285 observarunt.

330 1320 619 1365 Adveniente
642 1327 799 1362 autem
822 1326 1005 1372 aestate,
1043 1332 1153 1363 cum
1184 1315 1249 1361 illi
1282 1315 1495 1361 insensati
1530 1326 1575 1362 et
1599 1316 1669 1363 fu-

268 1398 378 1443 riosi
404 1396 734 1451 Dinantenses,
767 1411 863 1438 non
892 1393 1036 1438 modo
1061 1410 1087 1438 a
1111 1393 1205 1438 suis
1231 1393 1416 1456 probris
1439 1403 1483 1439 et
1507 1404 1671 1439 contu-

269 1474 443 1532 meliis,
472 1489 587 1534 quas
614 1472 662 1517 in
685 1470 900 1532 praefatos
926 1470 1128 1516 illustres
1152 1470 1387 1534 principes
1413 1469 1668 1530 faciebant,

270 1568 318 1596 se
343 1568 439 1595 non
468 1548 767 1607 cohiberent,
809 1547 891 1593 sed
923 1547 1063 1594 etiam
1087 1547 1263 1593 eisdem
1290 1548 1435 1610 impia
1465 1547 1583 1593 facta
1606 1547 1674 1592 in-

271 1627 550 1674 cendiorum
573 1636 713 1687 atque
735 1624 1000 1688 praedarum
1024 1625 1071 1670 in
1097 1634 1239 1670 terras
1266 1624 1671 1687 Burgundionum,

274 1705 320 1749 in
345 1705 415 1750 sui
441 1704 656 1762 exitium,
685 1701 1011 1758 cumularent,
1039 1718 1137 1747 non
1159 1702 1366 1748 valentes
1388 1701 1530 1747 iidem
1554 1701 1677 1764 prin-

274 1781 400 1844 cipes
429 1780 628 1826 illustres
650 1789 828 1824 tantam
852 1778 971 1825 ultra
994 1795 1159 1824 eorum
1184 1778 1388 1842 perferre
1412 1779 1674 1832 vesaniam,

276 1857 444 1901 iterum
458 1856 807 1919 expeditionem
823 1855 1045 1913 validam,
1064 1854 1123 1900 ad
1141 1854 1501 1900 contundendas
1515 1870 1679 1899 eorum

280 1934 534 1996 nequitias,
570 1933 792 1978 adversus
817 1949 897 1977 eos
920 1940 1190 1994 coegerunt.
1225 1934 1279 1976 Et
1306 1931 1456 1976 eidem
1488 1929 1680 1992 quidem

279 2009 343 2055 illi
381 2010 694 2055 illustrissimo
733 2009 977 2072 Philippo,
1014 2009 1111 2071 jam
1146 2007 1324 2053 morbis
1360 2023 1413 2053 ac
1445 2015 1681 2052 senectute

281 2087 498 2133 consecto
515 2124 525 2144 ,
562 2103 660 2132 non
689 2087 797 2132 satis
822 2086 906 2132 suit
930 2086 1082 2145 hanc,
1111 2086 1177 2131 uti
1202 2084 1516 2149 praecedentes
1542 2100 1683 2146 expe-

283 2163 502 2222 ditiones,
530 2164 626 2209 filio
651 2163 919 2209 ducendam
937 2163 1250 2219 committere,
1274 2162 1362 2207 nisi
1381 2160 1686 2224 personaliter

285 2240 425 2284 etiam
449 2241 646 2303 ipsemet
669 2240 821 2286 eidem
846 2240 1102 2285 interesset.
1143 2240 1262 2284 Cum
1296 2238 1420 2284 enim
1452 2237 1538 2300 ipsi
1574 2236 1686 2282 fatui

340 2411 375 2446 1.
408 2409 632 2445 Renamslms
659 2410 750 2447 dans
770 2411 803 2447 le
825 2424 894 2447 ms.
925 2413 1085 2460 Jacques
1106 2410 1292 2460 Duclereq
1316 2410 1458 2446 cnonce
1477 2416 1691 2446 autrement

284 2477 380 2505 cette
400 2468 558 2505 amende
572 2499 580 2513 ,
604 2469 726 2505 disant
745 2470 885 2518 qu'elle
907 2471 962 2506 sut
983 2470 1029 2507 (le
1056 2472 1131 2506 600
1150 2472 1224 2507 000
1246 2469 1389 2506 inailles
1410 2469 1492 2505 ‹l’or
1512 2467 1690 2519 payables

289 2542 336 2565 en
356 2529 412 2565 six
433 2541 513 2565 ans,
538 2530 754 2573 llldnmirvs,
775 2530 800 2565 l.
824 2533 869 2575 V,
892 2530 952 2566 ch.
976 2544 1036 2565 LV.

343 2591 378 2624 Ξ.
414 2590 463 2624 Le
483 2589 530 2622 22
549 2587 699 2633 janvier
720 2589 733 2622 1
753 2590 836 2624 100.
860 2591 930 2624 Les
951 2589 1079 2625 lettres
1105 2588 1150 2624 ‹le
1179 2588 1411 2638 pacification
1438 2586 1605 2623 donnees
1624 2598 1691 2636 par
1744 2612 1748 2615 »

287 2648 322 2685 le
346 2656 467 2683 comte
494 2647 540 2683 (le
560 2647 774 2692 Charolais,
804 2647 837 2683 le
858 2649 906 2683 ⁶22
925 2678 933 2694 ,
959 2661 1006 2684 au
1026 2649 1195 2696 quartier
1212 2648 1364 2698 general
1395 2647 1442 2683 de
1467 2644 1689 2689 Vichtmale‚

291 2715 375 2743 sont
396 2706 611 2756 imprimi-es
633 2705 725 2742 dans
746 2705 904 2753 Lenglet
926 2706 1155 2756 Dusresnoy,
1177 2708 1396 2749 (hsmm'nes,
1420 2713 1444 2744 t.
1465 2707 1522 2750 ΙΙ,
1544 2717 1580 2753 p.
1601 2704 1690 2739 571.
