1923 3020
338 223 410 258 3:58
695 214 1030 252 HISTORIARUM
1059 213 1291 248 LUDOVICI
1318 214 1371 248 XI

339 309 537 357 obsessis
582 304 800 349 solatium
846 310 891 346 et
932 301 1204 357 munimen,
1250 299 1573 346 obsessoribus
1617 318 1727 347 vero

338 399 505 446 inagna
529 381 681 427 attulit
710 377 1031 425 incommoda.

397 462 518 504 Sane
535 474 641 503 cum
668 456 759 501 illic
787 453 1172 516 Burgundionum
1196 452 1289 498 dux
1310 468 1393 499 sua
1417 463 1565 498 castra
1589 452 1730 499 habe·

334 546 418 595 ret,
448 551 552 598 quae
587 533 650 579 ibi
686 548 846 578 mense
880 540 1076 593 augusto
1111 530 1223 575 anni
1252 546 1598 576 M.cccc.1,xx1v.
1637 530 1732 592 pri-

333 630 461 658 mum
502 612 735 656 locaverat
756 612 781 666 ¹,
817 619 861 654 et
897 618 1020 654 terra
1043 608 1107 653 cis
1138 607 1369 666 Rhenum,
1392 616 1530 669 atque
1555 607 1729 651 flumen

331 688 485 736 navali
521 689 660 733 etiam
696 685 1026 749 expeditione,
1064 683 1204 746 longa
1239 683 1485 729 obsidione
1517 681 1732 727 obsessos

331 775 587 829 premeret,
626 762 880 809 nonnullas
911 762 1052 807 etiam
1081 761 1240 824 copias
1269 761 1508 824 peditum,
1548 760 1732 805 circiter

332 843 392 889 ad
416 843 512 888 duo
537 841 683 887 millia
705 840 981 898 hominum,
1012 839 1316 885 Colonienses
1344 848 1471 884 trans
1495 837 1728 895 Rhenum,

329 938 383 966 ex
421 919 619 965 adverso
651 918 823 964 Nussiae
848 917 1169 973 collocarunt,
1200 916 1303 978 qui,
1345 932 1404 961 ne
1441 914 1732 976 Burgundio·—

332 1014 413 1042 nes
438 996 564 1042 illam
589 994 981 1041 transrhenanam
1012 993 1306 1056 provinciam
1337 992 1643 1049 incursarent,
1676 1008 1729 1037 ex

328 1091 440 1120 eave
481 1088 721 1118 annonam
763 1071 852 1116 sibi
894 1079 1154 1132 quaererent
1197 1078 1275 1114 aut
1309 1069 1488 1131 praedas
1521 1079 1727 1131 agerent,

328 1159 607 1197 averterent.
660 1152 692 1194 A
738 1148 909 1211 quibus
956 1145 1299 1191 infestabantur
1347 1161 1445 1190 non
1490 1145 1730 1191 modicum

329 1239 479 1274 castra
515 1226 752 1282 hostium,
795 1223 853 1269 ad
893 1239 996 1285 quae
1034 1238 1181 1284 usque
1206 1230 1361 1285 petras
1395 1231 1440 1267 et
1463 1221 1552 1268 alia
1580 1222 1731 1284 Jacula

330 1305 423 1349 suis
446 1303 676 1348 machinis
695 1300 949 1363 jaciebant.

391 1380 482 1426 Sed
506 1395 612 1424 cum
638 1394 693 1422 ex
728 1377 821 1422 suis
846 1375 1024 1421 viribus
1064 1374 1124 1421 ad
1151 1374 1345 1436 longum
1388 1391 1485 1420 non
1521 1375 1732 1422 confide-

331 1467 429 1503 rent
476 1455 783 1501 Colonienses
820 1452 1042 1516 potentiae
1092 1451 1225 1496 ducis
1280 1451 1555 1513 Burgundiae
1596 1468 1732 1515 posse

329 1534 558 1589 resistere,
587 1531 700 1593 quin
729 1538 774 1575 et
801 1528 1071 1574 Nussienses
1092 1536 1137 1572 et
1160 1527 1245 1589 ipsi
1273 1526 1578 1590 postmodum
1600 1527 1731 1575 dedi-

330 1614 506 1658 tionem
540 1612 690 1656 facere
726 1618 1034 1670 cogerentur,
1061 1608 1098 1651 si
1124 1622 1220 1651 non
1247 1606 1439 1652 aliunde
1462 1605 1550 1652 sibi
1573 1606 1731 1653 defen·

333 1693 477 1738 sionis
515 1690 728 1755 praesidia
769 1696 1127 1752 compararent,
1169 1696 1271 1732 toto
1310 1687 1478 1733 annisu
1515 1697 1733 1734 curarant

332 1781 381 1815 ut
423 1769 720 1816 Fredericum
754 1767 1111 1829 imperatorem,
1155 1765 1203 1809 in
1240 1781 1323 1810 sua
1363 1766 1544 1811 Austria
1581 1766 1732 1828 quies-

332 1855 514 1893 centem
534 1883 545 1905 ,
593 1861 702 1890 cum
729 1842 1028 1906 expeditione
1055 1841 1260 1903 quadam
1287 1841 1346 1886 ad
1371 1858 1503 1887 suam
1527 1841 1734 1888 adduce-

332 1931 436 1969 rent
468 1922 717 1967 civitatem.
749 1922 967 1982 Ipsorum
1006 1918 1144 1978 igitur
1183 1917 1506 1980 frequentibus
1537 1927 1582 1963 et
1604 1934 1733 1981 paene

332 1999 528 2045 assiduis
550 1999 759 2061 pulsatus
786 1994 1004 2059 precibus
1045 2004 1090 2039 et
1127 1994 1346 2056 querelis,
1379 1994 1569 2040 allectus
1594 1995 1733 2040 etiam

334 2075 607 2121 muneribus
623 2084 667 2120 et
682 2072 948 2119 honorariis
964 2072 1095 2134 (nam
1112 2081 1288 2117 certam
1310 2072 1519 2135 pecuniae
1538 2082 1734 2134 quotam

334 2162 622 2197 menstruam
654 2168 742 2214 pro
767 2149 990 2212 impensis
1022 2148 1112 2193 sibi
1138 2148 1384 2204 faciendis,
1421 2148 1652 2211 quamdiu
1684 2149 1732 2193 in

334 2246 387 2275 ea
405 2229 705 2292 expeditione
729 2236 990 2273 remoratus
1005 2234 1140 2283 esset,
1163 2235 1208 2271 et
1231 2225 1385 2271 donec
1404 2225 1464 2271 ad
1488 2225 1603 2272 fines
1626 2241 1735 2271 suos

335 2306 554 2369 proprios
587 2314 850 2362 remeasset,
887 2303 1155 2366 promisisse
1188 2312 1330 2364 atque
1366 2303 1612 2349 exsolvisse
1648 2302 1734 2365 ipsi

333 2383 639 2428 Colonienses
669 2380 978 2443 ferebantur),
997 2381 1158 2443 copias
1181 2397 1237 2426 ex
1262 2389 1358 2425 tota
1381 2396 1512 2443 paene
1535 2381 1731 2426 Germa-

333 2460 410 2505 nia
433 2458 713 2504 contrahere
736 2467 805 2503 est
826 2457 1035 2503 adortus,

387 2631 423 2665 1.
458 2631 509 2664 Le
536 2627 608 2663 duc
624 2626 748 2663 arriva
768 2625 1046 2662 effectivcment
1067 2625 1100 2660 le
1121 2630 1168 2661 30
1188 2625 1311 2672 juillet
1331 2628 1430 2661 1474
1452 2638 1538 2660 sous
1560 2624 1610 2658 les
1631 2635 1733 2658 murs

334 2689 380 2725 de
401 2691 518 2724 Reuss
540 2696 570 2723 et
600 2700 621 2735 y
647 2686 718 2735 prit
741 2685 833 2733 logis
855 2684 947 2721 daus
969 2683 1140 2731 l’abbayc
1164 2684 1210 2720 de
1230 2688 1501 2720 N‹›t1·e-I)ame.
