1923 3020
313 236 361 270 ΞΕ.)
674 235 1010 272 HISTORIARUM
1040 235 1273 271 LUDOVICI
1301 235 1355 270 XI

311 323 576 383 decumque
597 338 808 385 semper,
834 338 921 384 pro
954 321 1047 366 suis
1082 319 1394 382 proxeneticis
1417 319 1707 381 obtinendis,

311 413 459 443 novos
494 396 780 442 advocarent
821 406 962 457 atque
1001 396 1298 457 exquirerent
1331 404 1585 458 emptores.
1626 398 1712 441 Per

311 474 572 538 provincias
609 483 768 519 autem
806 471 1009 533 singulas
1049 473 1178 532 regni
1214 472 1414 517 vicarios
1450 488 1558 517 suos
1592 473 1624 527 ¹,
1663 472 1711 517 in

309 550 515 613 qualibet
541 566 713 612 nempe
740 565 907 605 uuum,
933 565 1020 611 pro
1051 564 1099 593 se
1122 548 1422 606 instituebat3
1455 564 1539 611 per
1564 557 1713 593 totam

309 627 598 691 provinciam
625 625 890 686 generalem
914 625 1189 671 vicariatum
1214 625 1425 670 similiter
1444 625 1504 671 ad
1528 625 1712 670 auctio-

309 720 417 749 nem
442 702 547 766 plus
571 702 787 747 offerenti
814 701 1134 746 venumdabat
1157 720 1166 746 ε
1196 702 1232 745 is
1263 702 1388 746 enim
1415 701 1473 746 ad
1505 700 1712 747 officium

309 779 568 841 gerendum
588 779 742 841 aptior
763 779 1002 841 magisque
1030 778 1229 823 idoneus
1253 777 1529 837 ducebatur,
1556 779 1635 841 qui
1665 779 1711 823 in

309 856 563 901 licitatione
589 864 781 900 caeteros
801 864 1079 917 superasset.

376 935 430 977 Et
455 932 563 978 talia
589 931 783 994 quidem
801 932 898 994 ipse
923 931 1147 975 dominus
1167 930 1226 975 de
1244 929 1610 990 Monte-Albani,
1631 947 1712 977 na·

312 1011 438 1054 tione
471 1008 612 1066 Brito,
641 1017 685 1052 et
711 1007 798 1052 alia
827 1006 1009 1052 infinita
1032 1016 1171 1067 atque
1201 1005 1562 1052 innumerabilia
1594 1006 1715 1053 mala

313 1088 522 1148 impune,
547 1100 653 1146 rege
680 1101 775 1128 non
804 1083 1060 1139 nesciente,
1080 1081 1396 1144 quadriennio
1421 1091 1467 1128 et
1488 1083 1686 1146 amplius
1702 1086 1715 1106 ²

314 1164 358 1207 in
386 1162 526 1206 totius
548 1161 674 1223 regui
696 1159 988 1222 publicaeque
1010 1158 1076 1203 rei
1100 1158 1419 1220 praejudicium
1438 1160 1710 1218 maximum,

314 1238 466 1301 palam
495 1236 701 1299 gerebat.
734 1239 847 1280 Nam
873 1234 1000 1297 apud
1027 1250 1183 1296 regem
1211 1244 1317 1279 ante
1345 1251 1510 1280 omnes
1544 1237 1715 1299 praeci-

315 1332 410 1378 puo
434 1314 621 1358 honore
642 1311 912 1356 habebatur
930 1321 975 1356 et
994 1311 1172 1372 majore
1190 1311 1465 1358 auctoritate
1487 1312 1710 1375 pollebat,

315 1391 469 1436 donec
501 1389 691 1434 bouitas
725 1387 1076 1433 clementissimi
1112 1387 1366 1444 Creatoris,
1401 1389 1480 1450 qui
1512 1405 1622 1434 eum
1655 1389 1714 1435 ad

315 1466 641 1530 poenitentiam
663 1464 743 1510 diu
769 1464 1106 1527 patientissime
1129 1464 1429 1521 sustinuerat,
1456 1465 1714 1511 secundum

317 1543 541 1589 duritiam
569 1558 702 1587 suam
729 1551 775 1587 et
807 1557 890 1586 cor
928 1541 1249 1605 impoenitens,
1273 1541 1398 1602 juste
1423 1558 1509 1605 pro
1542 1542 1716 1586 meritis

319 1620 358 1665 ei
386 1619 742 1665 retribuendum
765 1618 914 1675 duxit,
945 1634 1168 1680 eumque,
1199 1617 1422 1664 derelicto
1446 1633 1718 1663 mammona

318 1697 573 1759 iniquitatis
597 1695 728 1758 quod
762 1695 1000 1740 infinitum
1022 1711 1153 1757 paene
1182 1703 1505 1756 congesserat,
1545 1711 1599 1740 ex
1630 1694 1716 1740 hac

317 1773 522 1819 instabili
547 1773 651 1818 luce
675 1772 906 1818 evocavit.

781 2017 1112 2060 CAPITULUM
1158 2018 1251 2060 Vll.

318 2152 366 2182 De.
393 2149 480 2181 dolis
498 2159 527 2182 et
545 2149 676 2194 rapinis
693 2149 728 2181 in
745 2146 993 2181 distribuendis
1013 2148 1109 2193 regni
1130 2148 1254 2181 officiis
1276 2147 1483 2187 commissis,
1503 2155 1535 2179 et
1553 2146 1595 2179 de
1615 2159 1713 2180 amo-

362 2201 456 2234 tione
479 2202 728 2234 ‹›sss‹·i;1rior11m
747 2211 778 2234 ct
801 2200 931 2234 ducum
954 2201 1103 2242 militiae,
1126 2213 1211 2245 quos
1230 2210 1326 2246 pater
1350 2212 1429 2233 suus
1458 2199 1667 2243 instituerat,
1685 2208 1713 2232 et

361 2256 506 2288 aliorum
525 2267 696 2288 novorum
715 2255 930 2288 suffectione.

381 2372 800 2429 Quemadmodum
826 2382 1001 2426 autem,
1026 2381 1077 2416 ut
1099 2372 1360 2429 retulimus,
1388 2373 1603 2435 prfefatus
1627 2372 1713 2416 do-

316 2451 470 2496 minus
500 2449 557 2493 de
595 2449 945 2493 Monte-Albani
982 2448 1089 2494 data
1124 2449 1209 2494 sibi
1242 2450 1288 2494 in
1317 2465 1531 2511 magnam
1558 2450 1715 2512 reipu—

371 2593 404 2625 ·1.
443 2590 613 2623 Vivarias
632 2600 717 2622 snas
737 2586 829 2621 dans
852 2585 886 2621 le
908 2599 975 2621 nis.

367 2650 404 2684 2.
438 2646 693 2684 C'est-a-dirc
709 2646 856 2693 jusqu'in
875 2656 912 2679 sa
932 2652 1042 2690 mort,
1065 2645 1212 2682 arrivce
1231 2659 1276 2683 cn
1299 2648 1417 2691 1466,
1436 2655 1470 2682 et
1490 2645 1536 2681 de
1555 2643 1714 2693 laquelle

318 2725 330 2737 κ
358 2707 379 2742 il
399 2719 446 2743 ne
471 2707 523 2742 l'ut
545 2705 646 2755 point
670 2704 814 2753 plcurc,
844 2720 858 2733 »ι
882 2702 983 2738 selon
1006 2702 1038 2738 la
1062 2704 1279 2754 Chroniquc
1297 2705 1555 2743 scandaleuse,
