1923 3020
321 328 394 361 374
683 321 1019 357 HISTORIARUM
1049 320 1283 355 LUDOVICI
1310 320 1365 354 XI

322 414 519 477 plurima
547 407 740 469 quidem
763 407 892 469 igne,
919 406 1040 452 ferro
1061 417 1202 470 atque
1221 408 1393 471 rapinis
1413 407 1717 470 populantes,

321 506 345 534 a
363 485 624 532 civitatibus
641 484 782 529 etiam
800 487 1044 530 Lausanna
1062 494 1106 529 et
1123 483 1360 529 Gebennis
1380 500 1570 546 magnas
1588 500 1725 547 pecu-

323 564 505 608 uiarum
537 576 746 606 summas
782 570 1105 619 extorserunt3
1134 576 1250 623 quas
1289 577 1397 606 cum
1424 578 1519 605 non
1554 577 1724 623 usque-

318 654 504 700 quaque
529 647 712 701 paratas
739 636 995 695 haberent,
1027 654 1112 700 pro
1138 638 1203 682 eis
1227 637 1519 683 exsolvendis
1549 637 1608 683 ad
1632 647 1724 683 sta-

319 725 444 761 tutos
478 715 706 761 terminos
743 714 931 761 obsides
965 714 1225 774 dederunt,
1253 725 1296 761 et
1326 715 1388 760 ita
1416 731 1513 760 sese
1553 715 1612 760 ab
1649 715 1726 761 illa

318 792 603 838 Suitensiuni
642 791 879 837 ferocitate
921 801 966 836 et
994 791 1213 854 periculis
1248 791 1504 853 majoribus
1541 808 1726 838 exeme-

319 880 444 916 runt.

382 949 438 991 Et
462 947 674 1009 quamvis
711 945 944 1008 principes
982 954 1027 990 et
1064 954 1195 990 terra*
1235 944 1506 1002 Sabaudiae,
1546 946 1727 1009 ipsique

319 1023 555 1068 Suitenses
572 1023 636 1067 eis
657 1021 866 1079 finitimi,
896 1021 1038 1082 longo
1064 1021 1264 1066 invicem
1287 1022 1331 1066 in
1354 1021 1526 1066 foedere
1552 1031 1594 1065 et
1619 1023 1728 1067 ami-

318 1099 427 1146 citia
449 1098 655 1162 copulati
676 1097 1064 1160 permansissent,
1089 1098 1151 1142 ita
1176 1107 1330 1142 tamen
1355 1106 1545 1159 repente
1565 1107 1609 1142 et
1643 1099 1728 1143 mi-

322 1177 448 1221 nime
482 1175 575 1221 hoc
607 1174 815 1219 futurum
850 1172 1193 1236 suspicantibus
1231 1174 1419 1236 populis
1453 1173 1725 1234 Sabaudiae,

320 1253 555 1298 Suitenses
580 1252 665 1314 ipsi
705 1251 1014 1295 inveteratum
1050 1248 1203 1294 foedus
1241 1248 1548 1311 abruperunt.
1598 1253 1731 1312 Atqui

324 1344 382 1373 ne
407 1328 453 1372 in
480 1326 571 1371 hoc
596 1324 774 1389 perfide
801 1325 945 1385 egisse
971 1332 1276 1386 putarentur,
1312 1322 1442 1369 hunc
1466 1324 1582 1385 juris
1605 1325 1732 1370 colo-

326 1421 424 1449 rem
464 1401 787 1447 obtendebant
830 1419 839 1444 :
882 1400 1013 1462 quod
1059 1400 1242 1445 ducissa
1286 1399 1552 1457 Sabaudiae,
1599 1417 1732 1447 soror

323 1484 608 1525 Francorum
641 1478 757 1539 regis
774 1481 802 1531 ¹,
829 1477 1011 1522 habens
1038 1486 1229 1540 propter
1251 1476 1455 1522 filiorum
1489 1477 1731 1523 minorita-

325 1568 420 1603 tem
447 1556 770 1601 moderamina
795 1554 982 1617 patriae,
1010 1555 1140 1617 prior
1164 1553 1339 1599 foedera
1361 1554 1601 1606 violasset,
1631 1571 1733 1617 per-

329 1637 515 1681 mittens
551 1649 633 1696 per
669 1648 775 1677 suas
814 1641 959 1677 terras
1003 1632 1198 1677 transire
1235 1631 1489 1676 nonnullas
1530 1630 1730 1677 militum

329 1713 551 1758 Italorum
570 1710 728 1773 copias
744 1746 754 1766 ,
778 1724 892 1770 quas
909 1708 969 1754 ad
993 1709 1233 1753 servitium
1255 1725 1392 1753 suum
1413 1707 1507 1752 dux
1523 1711 1732 1769 Burgun-

327 1791 413 1836 dire
439 1805 491 1834 ex
517 1787 642 1833 ltalia
667 1786 953 1844 adsciverat3
983 1785 1111 1847 quod
1137 1795 1302 1831 contra
1325 1784 1527 1848 capitula
1548 1784 1732 1831 foederis

328 1883 426 1912 esse
441 1901 452 1921 ,
480 1875 525 1910 et
546 1864 604 1909 ‹le
626 1863 718 1908 hoc
737 1863 902 1926 saepius
924 1863 1299 1917 commonuisse,
1336 1878 1394 1907 ne
1419 1861 1610 1918 faceret,
1639 1862 1734 1907 aie-

330 1943 460 1988 bant.
483 1945 533 1986 In
550 1957 646 2002 quo
666 1949 854 1984 rectene
872 1949 918 1984 et
936 1939 1137 1984 veridice
1161 1948 1480 1996 causarentur,
1502 1954 1560 1983 an
1579 1938 1734 2000 potius

330 2019 423 2063 hoc
460 2015 748 2062 mendaciter
781 2013 1130 2077 confingerent,
1172 2030 1227 2059 ex
1268 2015 1377 2077 ipsis
1414 2014 1735 2058 instrumentis

333 2104 576 2157 pactorum
612 2102 656 2138 et
692 2091 903 2150 foederis,
938 2091 1067 2153 quod
1104 2092 1225 2136 inter
1261 2108 1307 2136 se
1341 2089 1629 2147 habuerant,
1664 2089 1733 2134 di-

333 2171 492 2232 gnosci
511 2180 553 2215 et
574 2168 843 2231 dijudicari,
869 2169 904 2212 si
923 2168 1027 2229 quis
1046 2184 1099 2212 ea
1118 2168 1389 2230 inspiceret,
1412 2166 1542 2211 facile
1560 2176 1730 2228 posset.

332 2247 452 2292 Nulli
477 2257 631 2291 tamen
667 2245 866 2291 dubium
897 2254 1041 2290 exstat
1074 2245 1189 2306 quin
1217 2254 1261 2289 et
1286 2245 1373 2306 ipsi
1397 2244 1629 2289 Suitenses
1654 2260 1733 2307 pa—

332 2325 422 2371 lam
464 2324 768 2387 profitentur,
808 2322 967 2385 quod2
991 2322 1101 2367 odio
1144 2321 1533 2383 Burgundionum
1570 2321 1730 2378 ducis,

330 2402 405 2448 cui
433 2411 477 2446 ct
500 2400 684 2446 ducissa
703 2399 946 2446 Sabaudiae
961 2435 972 2457 ,
995 2409 1040 2445 et
1059 2399 1191 2444 multi
1213 2399 1271 2444 de
1299 2397 1572 2461 proceribus
1604 2407 1734 2443 terrae

386 2561 416 2594 l.
452 2553 583 2593 C'ctait
611 2553 782 2589 Yolande
816 2554 862 2591 de
885 2557 1049 2602 Franco,
1081 2568 1205 2592 veuve
1227 2555 1275 2591 du
1309 2554 1383 2591 duc
1411 2554 1577 2591 Ame'dec
1607 2555 1660 2590 IX
1689 2553 1734 2590 de

327 2614 484 2660 Savoic,
507 2622 543 2650 et
562 2621 822 2665 gouvcrnante
844 2613 892 2649 (lu
915 2627 1006 2663 pays
1028 2628 1124 2665 pour
1145 2627 1204 2653 ses
1225 2616 1371 2651 ensants
1390 2614 1572 2661 mincurs,
1590 2626 1733 2650 comme

329 2676 362 2712 le
385 2674 437 2710 (lit
465 2674 639 2710 l'auteur.

383 2738 417 2771 2.
453 2738 552 2769 Dans
573 2732 607 2768 lc
628 2745 682 2767 ms
720 2746 726 2766 :
750 2747 764 2761 r<
791 2731 889 2767 Nulli
909 2740 1032 2768 tamen
1049 2732 1204 2769 dubium
1221 2741 1338 2769 exstat
1356 2730 1457 2781 quod
1476 2739 1511 2768 et
1526 2731 1611 2780 ipsi,
1625 2738 1730 2768 ete...

328 2794 550 2842 profitentur
571 2791 661 2840 quin
682 2790 768 2826 odio
783 2820 791 2831 ,
815 2799 937 2826 citu...
968 2807 982 2822 n
