1923 3020
247 276 321 312 204
602 271 942 310 HISTORIARUM
968 272 1202 309 LUDOVICI
1230 273 1285 308 XI

684 474 1024 520 CAPITULUM
1059 476 1222 520 XXIV.

430 610 480 643 De
496 610 753 656 expugnatione
770 618 872 655 atque
888 608 1054 643 incendio
1072 608 1218 643 civitatis
1234 608 1435 642 Leodiensis
1449 609 1474 642 ¹.

314 732 489 777 Paratis
518 731 656 793 igitur
694 747 798 794 quae
831 731 889 776 ad
926 730 1118 776 urbium
1147 729 1544 793 expugnationem
1574 728 1660 775 ad-

249 809 401 872 parari
423 825 528 853 mos
552 818 636 866 est,
667 825 752 872 per
772 808 981 854 diversas
1000 817 1153 871 partes
1178 807 1291 853 urbs
1313 808 1411 870 ipsa
1431 807 1660 853 Leodium

249 885 386 931 simul
407 885 576 931 eodem
598 896 808 949 tempore
826 894 1090 948 expugnata
1111 886 1216 930 est².
1242 887 1291 929 In
1316 901 1408 947 qua
1427 899 1662 948 expugna-

251 963 379 1008 tione
417 979 515 1007 non
561 962 762 1007 multum
796 962 971 1024 negotii
1008 961 1117 1021 suit,
1154 978 1263 1006 cum
1306 971 1352 1005 et
1380 960 1579 1019 vallum,
1618 970 1661 1006 et

250 1041 425 1086 moenia
456 1050 597 1102 atque
629 1049 779 1085 turres
816 1056 919 1102 quae
947 1038 1138 1099 dejectae
1175 1047 1220 1084 et
1253 1037 1418 1082 dirutae
1453 1037 1658 1094 fuerant,

251 1117 408 1164 adhuc
446 1117 633 1162 nonnisi
667 1116 848 1161 exiliter
876 1125 917 1160 et
957 1115 1065 1159 satis
1103 1114 1272 1158 misere
1304 1114 1578 1170 instaurari,
1617 1114 1663 1158 in

252 1203 346 1239 tam
371 1203 501 1238 arcto
533 1193 758 1256 temporis
782 1192 957 1255 spatio,
987 1190 1267 1253 potuissent.
1302 1189 1439 1235 Unde
1468 1200 1514 1235 et
1543 1191 1667 1236 cives

253 1272 312 1317 de
339 1271 433 1316 suis
463 1270 640 1315 viribus
666 1286 719 1315 ac
744 1268 1035 1314 defendendi
1059 1266 1368 1329 possibilitate
1394 1283 1561 1330 parum
1587 1276 1668 1313 aut

254 1349 370 1395 nihil
404 1349 719 1404 confidentes,
755 1346 993 1392 modicam
1023 1346 1335 1391 resistentiam
1360 1344 1664 1406 objecerunt3

254 1426 336 1472 sed
369 1443 537 1471 aurum
559 1434 698 1487 atque
723 1433 972 1487 argentum
1001 1439 1084 1469 seu
1109 1422 1241 1485 quod
1268 1421 1401 1467 facile
1430 1422 1668 1485 exportari

254 1519 390 1566 posse
410 1501 681 1565 putabatur,
705 1502 787 1563 qui
810 1510 1082 1564 potuerunt,
1106 1499 1356 1563 rapientes,
1385 1514 1469 1561 per
1490 1508 1668 1543 turmas

256 1580 525 1625 transmisso
576 1579 771 1624 flumine
822 1581 960 1624 Mosae
1009 1577 1292 1639 aufugerunt
1334 1585 1381 1621 et
1430 1576 1669 1622 montium

255 1667 395 1720 atque
429 1657 663 1720 sylvarum
695 1673 806 1702 cum
838 1655 1065 1702 uxoribus
1097 1665 1143 1700 et
1174 1654 1332 1699 liberis
1364 1653 1558 1700 latibula
1587 1670 1670 1717 pe-

257 1735 447 1780 tierunt.

323 1815 388 1857 Ex
412 1811 485 1857 his
509 1821 685 1868 autem,
713 1812 795 1873 qui
819 1812 866 1856 in
892 1811 1157 1874 irruptione
1183 1809 1385 1855 militum
1405 1809 1452 1854 in
1479 1808 1666 1867 urbem,

257 1891 421 1935 armati
447 1890 625 1935 inventi
653 1898 784 1946 sunt,
815 1888 1033 1934 nonnulli
1064 1888 1165 1934 caesi
1191 1898 1323 1944 sunt3
1351 1887 1451 1942 alii,
1480 1886 1671 1948 abjectis

258 1968 420 2023 armis,
447 1968 520 2013 vel
554 1968 600 2013 in
627 1970 769 2013 sacris
792 1966 1038 2023 domibus,
1071 1965 1142 2011 vel
1170 1965 1313 2011 antris
1338 1975 1382 2010 et
1417 1962 1671 2027 specubus³

259 2060 357 2089 sese
394 2044 686 2104 occulentes,
726 2053 984 2107 temperata
1022 2043 1191 2088 suroris
1227 2042 1421 2101 saevifia,
1469 2050 1672 2087 mortem

260 2132 523 2167 evaserunt.
547 2125 757 2167 Fuerunt
773 2121 918 2184 aliqui
936 2121 1078 2166 etiam
1102 2121 1149 2165 in
1175 2120 1350 2165 flumen
1369 2118 1668 2181 praecipitati;

262 2198 481 2243 mulieres
506 2200 646 2244 etiam
671 2198 935 2255 nonnullae,
963 2197 1037 2242 vel
1064 2197 1206 2242 armis
1232 2197 1457 2249 inventae,
1485 2205 1536 2239 ut
1559 2194 1674 2240 fere-

262 2276 415 2331 batur,
455 2277 710 2335 instructae‚
744 2277 816 2323 vel
851 2276 1021 2337 linguae
1051 2274 1251 2320 nimium
1281 2273 1566 2337 procacitate
1598 2280 1673 2317 tu-

263 2363 468 2413 mentes,
496 2354 542 2397 in
570 2354 670 2416 ipso
695 2355 906 2416 ingressu
933 2352 1078 2398 urbis.
1111 2355 1226 2408 Quae
1252 2361 1349 2397 tota
1376 2349 1600 2396 militibus
1627 2350 1673 2395 in

264 2431 579 2494 direptionem
605 2431 763 2476 relicta
788 2441 857 2477 est
882 2441 928 2476 et
953 2430 1207 2494 permissa,
1235 2429 1350 2474 locis
1385 2428 1526 2474 sacris
1550 2427 1677 2492 prin-

318 2585 354 2619 1.
389 2580 565 2629 Chapitrc
595 2579 723 2629 public
742 2579 834 2617 dans
855 2581 1126 2629 l'Amplissima
1148 2583 1324 2626 collectio,
1348 2588 1373 2615 t..
1399 2581 1462 2627 IV,
1485 2578 1558 2615 col.
1583 2579 1672 2614 759.

320 2644 357 2678 2.
390 2645 441 2678 Le
464 2642 512 2677 30
531 2639 685 2677 octobre
707 2642 823 2675 1408.

323 2703 358 2737 3.
391 2703 462 2737 Lcs
486 2699 693 2750 saubourgs
713 2697 759 2735 dc
783 2698 898 2749 Liege
920 2699 971 2735 (lu
994 2699 1075 2734 cote
1100 2698 1149 2735 du
1171 2697 1267 2734 nord
1289 2706 1372 2733 sont
1393 2710 1438 2733 au
1464 2695 1589 2732 milieu
1611 2693 1676 2730 des

267 2759 437 2804 rochcrs,
461 2771 507 2795 cn
527 2757 653 2808 pleine
674 2764 889 2806 montagne.
