1923 3020
733 248 876 283 LIBER
913 248 1125 284 TERTIUS.
1552 248 1625 282 227

236 341 281 377 et
314 334 680 392 circumeundo,
722 335 781 381 ad
813 334 995 381 diversa
1025 336 1206 394 littora,
1245 345 1341 380 tam
1387 333 1629 379 Britanniae

233 398 377 471 ¹quam
413 410 600 469 Galliae,
643 412 783 475 ipsius
817 423 966 458 rector
998 411 1409 469 circumduxisset,
1437 427 1524 456 nec
1542 426 1629 473 pro

236 496 347 530 voto
371 486 591 532 adversus
615 489 726 533 dicti
748 490 970 535 ll‘m‘viclc
991 490 1182 534 classem
1203 488 1461 551 quidquam
1482 487 1631 533 facere

237 563 487 624 potuisset,
530 581 633 626 qua}
671 567 716 610 in
750 567 864 611 locis
891 567 1088 610 nimium
1120 565 1420 610 communitis
1444 579 1629 627 perma-

238 637 400 697 nebat,
442 656 713 702 quanquam
735 643 779 687 in
815 658 922 687 eum
946 642 1204 704 irrumpere
1230 640 1466 686 multoties
1489 649 1634 685 atten-

238 724 403 774 tasset,
439 716 535 777 jam
572 729 798 780 praesente
830 719 1004 763 hieme¹
1030 727 1073 763 et
1096 717 1312 780 procellis
1346 726 1483 779 atque
1514 726 1631 761 tem·

238 792 494 854 pestatibus
531 796 690 840 saevire
714 796 966 841 inchoante
982 832 993 854 ,
1021 794 1079 840 ad
1103 795 1293 857 propria
1310 831 1319 847 ‚
1350 794 1531 840 nullum
1554 802 1633 840 aut

241 869 485 915 modicum
508 883 754 935 reportans
776 873 1002 930 fructum,
1028 872 1265 917 remeavit.

712 1104 1046 1148 CAPITULUM
1088 1104 1162 1146 ΙΙΙ.

302 1234 351 1266 De
369 1233 494 1266 foedere
512 1247 673 1279 percusso
698 1235 789 1267 inter
805 1235 1017 1268 Francorum
1037 1246 1151 1278 regem
1168 1242 1200 1266 et
1214 1233 1409 1279 principem
1423 1234 1582 1275 Walliae,

635 1289 830 1321 interventu
852 1288 990 1321 comitis
1005 1287 1048 1320 de
1069 1288 1234 1321 Warviclz.

304 1410 406 1452 Non
430 1417 585 1452 autem
612 1406 840 1452 feriabant
864 1410 1154 1453 Francorum
1187 1423 1267 1451 rex
1297 1416 1342 1452 et
1374 1423 1485 1452 suus
1514 1405 1637 1452 fidus

239 1484 349 1545 (sed
387 1484 607 1529 omnibus
645 1483 880 1547 perfidus)
923 1484 1171 1541 me‘clz,
1209 1484 1324 1546 quin
1362 1493 1639 1547 apparatum

238 1578 429 1607 omnem
459 1561 663 1606 facerent
684 1571 734 1606 ut
756 1561 882 1606 idem
906 1561 1153 1617 Warvz'ch,
1179 1561 1225 1605 in
1252 1560 1463 1622 Angliarn
1489 1571 1639 1607 trans-

237 1647 417 1695 vectus,
452 1637 722 1683 Edoardum
753 1655 910 1699 regem
940 1654 1084 1700 regno
1110 1637 1362 1683 deturbare
1389 1648 1527 1701 atque
1556 1655 1639 1683 ex-

238 1714 410 1776 pellere
445 1723 621 1777 posset,
657 1714 728 1759 vel
760 1715 848 1760 sul)
881 1731 1014 1760 suam
1047 1714 1278 1776 redigere,
1314 1714 1373 1760 ad
1405 1731 1453 1760 se
1485 1714 1544 1760 de
1579 1731 1636 1760 eo

242 1793 580 1850 ulciscendum,
605 1802 898 1855 potestatem.
926 1792 1138 1838 Habebat
1158 1794 1255 1856 ipse
1278 1793 1434 1856 plures
1455 1794 1636 1856 miopa-

238 1887 377 1915 rones
402 1887 483 1915 seu
510 1870 782 1928 dromones,
811 1887 947 1932 quos,
973 1870 1031 1915 ad
1055 1870 1398 1933 explorandum
1424 1886 1637 1914 rumores

238 1948 402 2010 populi
449 1947 687 2008 Anglicani
738 1946 1165 2010 pelliciendumque
1212 1946 1272 1991 ad
1319 1956 1473 2008 partes
1527 1962 1636 1991 suos

239 2026 415 2070 amicos
441 2025 768 2087 plurimorum⁷
799 2024 1041 2086 frequens²
1066 2022 1300 2079 mittebat,
1330 2032 1470 2084 atque
1495 2023 1635 2068 etiam

240 2102 438 2147 vicissim
464 2101 523 2145 ad
550 2118 598 2146 sc
621 2101 861 2145 venientes
885 2100 943 2144 de
971 2099 1130 2161 Anglia
1152 2098 1404 2162 recipiebat
1431 2117 1440 2144 ε
1466 2099 1638 2162 quibus

239 2178 415 2223 artibus
439 2178 525 2222 iter
549 2176 635 2221 sibi
660 2176 800 2221 veluti
826 2175 1060 2238 pervium,
1091 2174 1149 2219 ad
1174 2184 1370 2220 conatus
1393 2192 1503 2220 suos
1533 2193 1639 2239 per-

241 2254 488 2311 ficiendos,
517 2264 743 2300 sterneret
769 2263 909 2315 atque
937 2263 1229 2315 pra‘pararet.
1264 2252 1354 2298 Sed
1384 2263 1637 2316 antequam

240 2347 264 2375 e
293 2331 526 2376 littoribus
555 2334 842 2376 Francorum
871 2330 987 2392 regis
1012 2329 1419 2390 funem'solveret,
1447 2331 1640 2377 classive

294 2487 331 2522 1.
364 2488 416 2521 La
442 2485 543 2521 ssotte
565 2484 615 2521 du
640 2484 712 2521 duc
737 2484 784 2520 de
806 2487 1051 2534 Bourgogne,
1077 2484 1191 2521 sortie
1212 2484 1258 2521 de
1277 2478 1439 2522 l'Ecluse
1462 2486 1495 2522 le
1518 2490 1539 2522 8
1558 2486 1642 2532 juin

243 2545 365 2589 1470,
399 2547 502 2580 n'eut
533 2546 551 2580 ἐι
583 2544 719 2593 operer
749 2556 822 2592 que
852 2543 1032 2592 jusqu'au
1065 2545 1114 2579 113
1147 2543 1382 2594 scptembre,
1412 2544 1498 2581 date
1529 2545 1575 2581 de
1608 2545 1644 2582 la

241 2604 390 2640 rentree
421 2604 467 2640 de
496 2604 681 2640 Warwick
709 2615 756 2639 cn
784 2603 1022 2653 Angleterre.
1056 2606 1114 2640 On
1146 2604 1236 2641 etait
1266 2603 1364 2640 donc
1392 2617 1529 2641 encore
1556 2604 1644 2641 bien

240 2662 318 2698 loin
342 2663 388 2699 de
408 2663 557 2700 l'hiver.

296 2722 332 2757 2.
366 2722 543 2772 Corrigez
569 2724 622 2757 acl
632 2732 764 2771 partes
782 2736 869 2759 suas
887 2727 1023 2759 amicos
1035 2725 1234 2770 plurimos,
1257 2724 1482 2771 freqmwtvr,
