1923 3020
282 315 356 350 100
637 308 972 344 HISTORIARUM
1000 305 1232 341 LUDOVICI
1259 305 1315 339 XI

283 399 419 444 tionis
440 413 518 441 seu
541 394 777 440 nonnullae
795 392 1137 456 superstitionis
1155 406 1311 452 causa,
1331 389 1566 453 profectus
1586 400 1668 448 est,

283 475 439 520 relicto
473 471 641 516 Carolo
678 470 816 515 fratre
848 486 934 514 suo
968 469 1014 513 in
1046 468 1254 526 civitate,
1291 483 1429 529 quem
1455 477 1669 530 perante,

281 564 583 613 quocumque
624 546 1013 610 proficisceretur,
1045 560 1229 606 semper
1267 559 1293 588 a
1329 559 1414 588 suo
1450 545 1673 589 comitatu

281 625 441 671 abesse
470 623 664 669 minime
694 622 965 685 permittere
1000 628 1322 665 consueverat.
1362 622 1480 664 Cum
1516 628 1672 664 autem

279 702 455 763 absque
481 699 635 762 aliqua
667 698 726 744 de
751 715 807 743 eo
833 697 1098 760 suspicione
1131 695 1289 741 suisset
1317 696 1510 741 Pictavis
1541 695 1672 741 relic-

280 788 377 835 tus,
412 793 493 840 per
521 774 774 838 quemdam
801 773 1009 819 nobilem
1032 773 1209 829 virum,
1240 771 1456 817 Odonem
1488 774 1671 827 Dame',

279 855 471 900 natione
489 853 816 915 Aquitanicum
841 853 860 914 (
880 853 971 897 ....²
993 850 1074 896 sed
1095 851 1174 913 qui
1195 859 1299 913 post
1317 850 1497 895 obitum
1522 850 1674 896 Caroli

279 930 399 991 regis
419 937 465 973 et
488 926 713 972 Ludovici
738 925 1080 983 suffectionem,
1101 924 1276 987 abipso
1296 924 1534 970 Ludovico
1554 934 1673 970 statu

278 1015 324 1051 et
355 1003 618 1050 honoribus
648 1002 855 1064 dejectus
879 1017 999 1064 quos
1034 1000 1120 1045 sub
1147 1010 1280 1063 patre
1308 1016 1393 1045 suo
1421 1000 1671 1059 habuerat,

278 1082 337 1126 ad
377 1081 545 1126 ducem
586 1079 832 1124 Britanniae
863 1095 909 1123 se
935 1077 1195 1122 contulerat
1221 1086 1266 1122 et
1289 1077 1388 1138 ejus
1417 1094 1464 1122 se
1489 1078 1674 1123 servitio

279 1157 560 1218 addixerat),
583 1155 779 1201 eductus
797 1155 916 1199 clam
935 1170 960 1199 e
980 1153 1210 1210 Pictavis³,
1224 1162 1269 1198 et
1285 1169 1332 1197 se
1351 1163 1571 1199 venatum
1591 1154 1672 1213 ire,

279 1233 521 1280 recreandi
543 1233 702 1294 gratia,
729 1231 1020 1293 confingens,
1048 1230 1095 1274 in
1121 1230 1408 1276 Britanniam
1428 1231 1486 1276 ad
1509 1231 1676 1277 ducem

279 1313 467 1357 concito
491 1310 637 1372 gradu
659 1318 727 1354 est
745 1308 992 1363 adductus,
1018 1307 1181 1352 volens
1205 1307 1396 1369 quidem
1417 1317 1462 1352 et
1483 1325 1676 1370 magno-

279 1404 389 1451 pere
416 1387 638 1432 affectans
668 1395 796 1431 extra
825 1385 1100 1430 comitatum
1135 1393 1179 1428 et
1204 1399 1397 1428 manum
1427 1384 1496 1429 sui
1528 1384 1677 1430 fratris

278 1463 466 1509 abduci.
492 1463 600 1508 Sine
620 1462 825 1507 honore‘*
841 1462 986 1517 enim,
1005 1469 1056 1505 ut
1080 1459 1299 1517 diximus,
1320 1469 1365 1505 et
1387 1459 1563 1522 absque
1586 1460 1678 1507 ulla

278 1541 555 1586 auctoritate
588 1538 702 1583 inibi
735 1549 858 1595 erat,
895 1553 948 1582 ac
978 1536 1107 1581 velut
1136 1537 1311 1581 invisus
1341 1546 1386 1582 et
1414 1546 1676 1600 suspectus,

279 1619 481 1663 maxime
505 1615 631 1680 apud
653 1614 906 1661 nonnullos
932 1614 1103 1676 impios
1125 1613 1344 1658 homines
1363 1614 1471 1659 satis
1492 1613 1680 1658 humilis

279 1694 593 1752 conditionis,
632 1692 714 1756 qui
748 1707 856 1753 erga
890 1706 1047 1753 regem
1081 1690 1294 1735 maximis
1328 1690 1601 1736 auctoritate
1637 1699 1682 1735 et

282 1840 370 1869 vent
390 1844 464 1881 que
492 1829 608 1867 Louis
633 1830 689 1865 XI
714 1828 827 1878 partit
850 1827 897 1865 de
922 1827 1081 1865 Poitiers
1108 1841 1206 1878 pour
1230 1827 1324 1864 aller
1350 1840 1397 1864 en
1423 1827 1638 1878 pelerinage
1662 1829 1683 1864 a

283 1893 545 1927 Notre-Dame
570 1887 621 1924 du
644 1890 741 1939 Puy,
764 1900 811 1924 en
833 1887 972 1934 Anjou.
996 1889 1068 1923 Par
1087 1887 1319 1936 consequent
1336 1886 1361 1922 il
1381 1886 1546 1923 tournait
1563 1886 1598 1922 le
1614 1885 1682 1923 dos

284 1950 304 1984 a
324 1949 359 1985 la
378 1950 590 1999 Gascogne.

336 2009 373 2045 1.
406 2010 478 2044 Son
514 2005 596 2042 vrai
630 2018 719 2041 nom
754 2004 844 2042 ctait
876 2005 972 2043 Odet
1007 2004 1190 2055 d'Aydie3
1223 2005 1316 2041 mais
1341 2017 1389 2041 on
1416 2003 1607 2054 l’appelait
1635 2017 1682 2042 en

284 2066 425 2101 Francc
442 2064 539 2101 Odet
559 2063 604 2100 ‹le
624 2063 706 2100 Rie.

339 2124 376 2158 2.
406 2122 434 2158 11
465 2134 628 2171 manque
658 2121 705 2158 ici
736 2135 785 2157 un
816 2122 985 2158 membre
1014 2121 1060 2158 de
1092 2121 1228 2170 phrase
1256 2121 1347 2158 dans
1372 2121 1491 2170 lequel
1521 2121 1684 2159 l’auteur

287 2181 412 2218 devait
439 2181 638 2230 expliquer
657 2180 820 2229 qu'Odct
840 2180 1001 2230 d’Aydie
1021 2181 1121 2218 avait
1141 2194 1187 2218 eu
1207 2180 1257 2218 du
1274 2181 1333 2217 feu
1359 2180 1415 2217 roi
1435 2180 1468 2217 le
1489 2193 1682 2218 comman-

286 2242 440 2278 dement
458 2240 503 2275 de
520 2249 604 2276 cent
623 2240 762 2276 lances.

341 2302 376 2336 3.
410 2302 460 2335 Le
481 2301 502 2333 4
522 2312 619 2334 mars
641 2301 757 2337 1465.

340 2361 377 2395 4.
411 2357 438 2393 11
467 2357 544 2393 saut
569 2358 748 2394 entendre
768 2372 836 2408 par
856 2359 1008 2404 honore,
1032 2359 1085 2395 les
1106 2358 1242 2408 &gards
1269 2367 1304 2395 et
1329 2358 1363 2395 la
1383 2357 1684 2406 considerati0n3

288 2431 351 2456 car
371 2429 468 2467 pour
490 2428 532 2451 ce
553 2417 614 2464 qui
641 2425 695 2451 est
716 2417 780 2453 des
801 2418 962 2467 dignites
977 2448 985 2462 ,
1015 2418 1048 2454 le
1069 2419 1201 2468 prince
1227 2417 1315 2454 n’en
1345 2418 1444 2454 avait
1470 2431 1517 2454 eu
1541 2431 1686 2455 aucune

288 2476 339 2513 du
362 2476 491 2512 vivant
511 2474 557 2510 dc
578 2488 644 2510 son
667 2477 771 2523 pere,
794 2485 831 2512 et
856 2490 923 2513 son
950 2478 1063 2524 frere,
1085 2491 1132 2514 au
1159 2477 1358 2519 contraire,
1383 2477 1511 2514 l’avait
1532 2477 1596 2514 fait
1615 2476 1687 2514 duc

288 2536 336 2572 dc
354 2534 475 2579 Berri‚
503 2552 518 2566 ι(
538 2547 585 2569 eu
605 2533 736 2582 (rganl,
759 2534 864 2569 est-il
887 2535 954 2580 dit,
974 2535 1067 2572 (lans
1089 2536 1140 2572 les
1158 2536 1288 2573 lettres
1309 2535 1576 2580 d'institution,
1600 2538 1617 2572 ὸ
1644 2547 1687 2572 ce

289 2607 363 2643 que
377 2601 502 2629 nostre
517 2592 577 2628 feu
592 2591 767 2641 seigneur
780 2599 816 2627 et
827 2592 916 2640 pere
926 2595 1067 2629 n'avoit
1082 2608 1237 2630 encores
1252 2594 1314 2630 fait
1326 2607 1495 2644 apanage
1504 2607 1551 2630 ne
1563 2593 1687 2629 donne

290 2666 378 2689 nom
404 2664 453 2687 ou
479 2650 562 2686 titre
593 2650 639 2686 de
663 2649 875 2699 seigneurie
902 2652 919 2684 ii
947 2659 1072 2687 nostre
1096 2653 1169 2688 tres
1198 2652 1303 2689 chier
1329 2661 1364 2688 et
1387 2656 1460 2689 tres
1483 2653 1566 2688 amc'
1590 2652 1687 2688 frere

290 2710 444 2748 Chai-les
470 2708 516 2745 de
536 2710 692 2747 France.
716 2726 731 2741 a
757 2706 973 2744 Novembrc
999 2710 1114 2744 1461.
1143 2713 1294 2745 Reczwil
1318 2713 1382 2745 cles
1413 2713 1684 2752 Ονᾱοηηαηεες,

293 2780 320 2807 t.
343 2772 426 2813 XV,
450 2783 487 2818 p.
513 2770 601 2804 208.
