1923 3020
681 220 820 254 LIBER
849 218 1090 264 QUARTUS.
1512 215 1583 249 327

190 307 364 364 fuisset,
393 308 528 368 eique
565 315 790 352 assertum
815 306 912 367 jam
937 304 1113 362 navim,
1145 304 1190 347 in
1215 318 1309 364 qua
1329 300 1588 346 vehebatur

189 385 463 447 imperator,
498 399 596 427 esse
629 392 736 427 ante
774 381 1109 426 monasterium
1152 382 1298 424 Beatae
1338 379 1491 424 Mariae
1529 378 1589 425 ad

188 462 426 521 Martyres,
454 459 578 504 misit
600 476 708 503 cum
733 458 1026 503 festinatione
1050 457 1108 502 de
1133 457 1243 513 suis,
1265 456 1344 518 qui
1364 455 1588 518 poscituri

188 545 339 583 essent
353 534 574 580 eumdem
596 536 946 598 imperatorem,
967 543 1016 579 ut
1039 535 1111 579 vel
1129 534 1272 578 breve
1292 533 1586 595 colloquium

188 630 295 660 cum
322 628 378 657 eo
414 611 508 656 dux
538 612 637 675 ipse
662 612 835 657 habere
861 621 1034 674 posset,
1070 621 1210 673 atque
1244 620 1295 656 ut
1329 610 1389 656 ad
1414 610 1589 656 brevis-

187 690 352 736 simam
384 689 608 750 temporis
641 675 874 732 morulam
915 703 1125 747 gressum
1161 687 1320 732 sistere
1352 687 1492 750 hujus
1522 687 1589 733 rei

188 765 331 827 gratia
378 764 517 809 vellet
540 784 552 823 3
614 764 696 809 sed
743 763 988 826 postulatis
1033 763 1343 809 annuendum
1395 765 1589 810 minime

187 841 334 900 duxit,
358 856 643 902 cursumque
664 849 872 903 coeptum
895 839 1201 886 continuavit.
1230 843 1285 885 Et
1308 841 1387 899 ita,
1416 842 1588 887 infecto

187 917 315 981 quod
348 917 447 963 fieri
478 918 628 963 fuerat
663 934 689 963 a
717 917 896 962 cunctis
923 917 1228 975 aestimatum,
1261 935 1319 963 eo
1347 919 1492 964 modo
1526 918 1585 964 ab

187 997 386 1042 invicem
413 995 532 1042 male
557 1005 681 1042 sarto
703 995 876 1041 foedere
899 995 1230 1040 discesserunt.

674 1241 1011 1284 CAPlTL'LuM
1046 1242 1102 1283 X.

185 1394 374 1438 Quomodo
387 1404 466 1441 post
482 1395 565 1436 hoc,
584 1393 655 1426 dux
671 1392 881 1438 Burgundiae
897 1393 1047 1426 visitavit
1064 1392 1267 1426 comitatum
1290 1405 1390 1425 suum
1410 1393 1590 1425 Feri-eten-

232 1462 321 1493 sem;
341 1458 372 1482 et
393 1449 436 1482 de
460 1461 597 1482 accessu
615 1448 875 1493 archiepiscopi
890 1447 1108 1480 coloniensis
1134 1445 1179 1480 ad
1204 1458 1285 1479 eum
1305 1446 1341 1479 in
1364 1442 1586 1491 Burgundia,

231 1511 332 1548 atque
348 1503 536 1536 rebellione
553 1501 636 1535 dicti
651 1502 835 1535 comitatus
851 1509 971 1534 contra
987 1513 1067 1534 eum
1082 1501 1108 1536 ¹.

252 1644 558 1689 Postmodum
594 1660 738 1702 vero,
786 1660 894 1689 cum
933 1644 1029 1707 ipse
1065 1641 1158 1688 dux
1194 1640 1586 1704 Burgundionum

185 1730 356 1766 terram
383 1738 515 1767 suam
539 1721 1018 1783 Luxemburgensem,
1051 1720 1278 1766 valefacto
1315 1718 1586 1763 Treverensi

185 1798 320 1856 urbi,
359 1799 644 1862 repetiisset,
693 1799 887 1862 cupiens
920 1798 1120 1843 invisere
1149 1813 1287 1842 suum
1311 1795 1586 1841 comitatum

183 1879 531 1933 Ferretensem‚
590 1892 731 1939 quem
765 1876 927 1939 paucis
976 1886 1085 1922 ante
1131 1875 1264 1920 annis
1300 1873 1360 1919 ab
1395 1872 1589 1918 Austriae

183 1952 303 1998 duce
337 1953 637 2014 Sigismundo
661 1963 1013 2017 comparaverat
1027 1955 1055 2010 ²,
1093 1951 1152 1997 ad
1189 1968 1293 1996 eam
1327 1960 1499 1995 terram
1524 1949 1589 1993 vi-

185 2029 377 2075 sendam
404 2040 473 2075 est
497 2046 580 2093 per
601 2030 952 2091 Lotharingiam
983 2028 1238 2092 profectus.
1266 2031 1316 2072 ln
1347 2043 1440 2089 qua
1463 2035 1586 2071 terra

186 2106 380 2167 (scilicet
411 2108 662 2153 comitatus
699 2106 1003 2168 Ferretensis)
1030 2122 1154 2160 cum,
1185 2103 1425 2151 nonnullis
1447 2103 1585 2166 oppi-

185 2182 306 2229 dulis
330 2185 616 2247 perlustratis
639 2201 747 2229 cum
772 2183 926 2245 aliqua
950 2192 1079 2246 parte
1103 2199 1291 2228 suarum
1316 2181 1580 2245 copiarum,

185 2260 372 2305 modico
396 2262 504 2306 satis
537 2270 750 2323 tempore
787 2260 942 2305 fuisset
972 2269 1249 2319 remoratus,
1278 2259 1441 2305 relicto
1465 2256 1582 2303 inibi

183 2335 241 2380 ad
265 2335 476 2397 ejusdem
508 2347 638 2382 terrae
666 2336 1119 2382 administrationem
1149 2346 1192 2381 et
1225 2337 1434 2398 regimen
1466 2353 1584 2400 quo-

182 2412 292 2457 dam
308 2412 451 2458 milite
465 2413 701 2476 indigena,
722 2423 1039 2475 cognomento
1055 2412 1400 2473 Haclzenbaclffi,
1416 2414 1586 2460 exinde

233 2576 270 2610 1.
301 2572 478 2623 Chapitre
498 2572 626 2623 public
646 2572 738 2610 dans
757 2573 1029 2622 l’Amplissima
1048 2556 1274 2620 collectiost.
1302 2577 1367 2622 IV,
1392 2575 1464 2614 col.
1489 2577 1579 2613 770.

232 2634 268 2668 2.
302 2635 362 2669 Au
381 2641 705 2670 commencement
727 2633 773 2670 de
793 2634 941 2672 l’annce
962 2636 1077 2672 1469.

234 2693 268 2728 3.
303 2692 430 2728 Pierre
450 2692 496 2728 de
517 2692 762 2743 Hagenbach‚
785 2693 1055 2744 gentilhomme
1073 2693 1119 2730 de
1139 2693 1334 2743 Sundgau.
