1923 3020
739 259 878 293 LIBER
918 259 1132 294 TERTIUS.

1564 263 1610 295 ³5<

1616 263 1637 295 Ut

716 495 1051 539 CAPITULUM
1086 497 1143 538 lX
1154 530 1163 538 .

243 631 398 674 Qualiter
414 629 611 672 Edoardus,
626 645 684 665 rex
699 635 905 678 Anglomm,
923 647 1078 667 reversus
1097 643 1145 667 est
1161 635 1196 666 in
1211 636 1383 681 Angliam‚
1401 644 1431 669 et
1445 637 1636 670 Henricum

284 695 416 728 regem,
438 683 631 717 Londoniis
648 695 785 731 captum
799 715 806 727 ‚
826 686 943 720 denuo
959 690 994 720 in
1019 688 1131 721 Turre
1149 687 1426 731 Loudoniarum‚
1447 690 1496 722 uti
1519 691 1635 735 prius,

285 749 421 771 carcere
437 738 573 771 reclusit
588 739 612 771 ¹.

303 867 393 908 Eos
426 864 564 926 igitur
594 865 843 911 Edoardus
881 882 958 911 rex
1011 865 1097 910 sibi
1131 866 1388 912 concilians
1433 878 1478 913 et
1516 885 1633 931 pro-

238 941 538 986 missionibus
574 951 713 1004 atque
749 941 1024 986 muneribus
1056 941 1278 994 alliciens,
1320 943 1380 987 ad
1415 945 1635 990 transfre-

237 1017 433 1062 tandum
478 1019 524 1062 in
563 1035 759 1079 regnum
800 1035 935 1062 suum
982 1018 1182 1079 Angliae‚
1227 1035 1370 1080 quam
1414 1021 1632 1083 colligere

236 1103 482 1156 potuerat,
527 1094 729 1138 militum
773 1110 997 1151 manum,
1047 1093 1184 1138 valde
1229 1105 1499 1156 opportune
1543 1098 1628 1142 sibi

233 1170 406 1215 servire
454 1170 574 1215 fecit.
618 1173 764 1214 Porro
799 1170 960 1225 classe,
1001 1186 1143 1232 quam
1179 1180 1273 1215 tam
1304 1188 1358 1216 ex
1395 1171 1633 1219 diciorum

235 1246 609 1307 Osterlingorum
627 1245 824 1304 auxiliis,
845 1261 987 1307 quam
1006 1262 1061 1290 ex
1083 1245 1182 1291 aliis
1218 1263 1322 1308 quae
1342 1247 1387 1291 in
1418 1248 1634 1296 Flandria

233 1331 277 1366 et
299 1322 519 1367 Zelaudia
542 1332 682 1383 atque
707 1322 954 1367 Hollandia
977 1323 1187 1368 invenire
1211 1333 1450 1385 potuerat⁷
1472 1337 1632 1388 parata

234 1408 278 1443 et
304 1399 545 1452 instructa,
576 1397 706 1461 [xliv
742 1398 817 1443 die
850 1399 1022 1444 mensis
1055 1400 1234 1457 martii,
1260 1416 1422 1446 versus
1446 1413 1634 1464 septen-

232 1474 480 1520 trionalem
512 1474 698 1537 plagam
730 1475 860 1536 regni
892 1476 960 1520 sui
986 1475 1265 1521 descensum
1296 1477 1355 1522 ad
1380 1488 1524 1525 terras
1555 1496 1634 1525 ac-

231 1551 354 1614 cepit
377 1553 404 1594 ².
432 1554 481 1596 ln
506 1550 677 1613 quibus
699 1567 807 1595 cum
833 1553 1008 1614 copias,
1036 1568 1153 1613 quas
1178 1569 1335 1598 secum
1361 1554 1630 1613 advexerat,

232 1627 551 1690 deposuisset,
574 1628 749 1690 junctis
778 1644 937 1673 secum
963 1645 1129 1674 eorum
1157 1631 1236 1690 qui
1260 1630 1319 1676 ad
1353 1648 1401 1676 se
1427 1648 1451 1677 e
1488 1649 1633 1695 regno

231 1706 590 1751 confluxerant³
619 1707 793 1769 copiis,
841 1706 902 1752 ad
943 1707 1109 1753 urbem
1156 1712 1318 1754 suam⁴
1366 1709 1632 1757 Eboracum

285 1845 321 1878 1.
354 1843 404 1878 Ce
439 1840 627 1890 chapstre,
655 1843 705 1877 ou
734 1841 788 1877 les
814 1840 898 1877 faits
925 1850 1010 1877 sont
1036 1843 1234 1892 rapportes
1268 1857 1359 1880 avec
1386 1857 1460 1881 une
1488 1846 1633 1896 grande

233 1901 445 1937 exactitude
465 1900 511 1937 de
535 1900 802 1950 chronologie,
827 1908 881 1936 est
903 1900 1008 1937 imite
1027 1910 1062 1937 et
1085 1911 1245 1938 souvent
1271 1902 1412 1939 traduit
1438 1913 1516 1940 mot
1536 1918 1634 1954 pour

233 1967 310 1995 mot
331 1959 444 1996 d'une
473 1959 630 1995 relation
653 1971 699 1995 en
721 1959 882 2008 srancais
900 1959 965 2008 qui
986 1968 1049 1996 eut
1075 1974 1186 1997 noui-s
1206 1974 1279 2010 peu
1301 1962 1348 1998 de
1375 1970 1495 2012 temps
1524 1965 1634 2014 apres

233 2018 286 2055 les
307 2020 565 2064 evenements,
585 2027 621 2055 et
647 2030 721 2066 que
746 2018 834 2054 Mlle
854 2021 1010 2068 Dupont
1029 2031 1049 2054 a
1074 2019 1227 2068 publiee
1260 2019 1353 2057 dans
1389 2034 1456 2057 son
1490 2022 1632 2059 edition

233 2077 280 2114 de
300 2079 513 2115 Commines
543 2082 590 2124 (t.
615 2081 691 2124 ΙΙΙ,
715 2092 753 2128 p.
777 2080 888 2125 281),
920 2078 1070 2128 d’aprcs
1099 2078 1133 2115 le
1159 2092 1228 2116 ms.
1260 2079 1307 2116 de
1331 2080 1366 2117 la
1391 2080 1488 2118 Bibl.
1519 2081 1631 2131 imp.‚

232 2144 271 2173 n⁰
299 2138 463 2174 8448-4.
486 2141 539 2175 La
559 2138 703 2175 Societi':
731 2137 794 2173 des
821 2137 1061 2186 Antiquaires
1090 2137 1136 2173 de
1158 2138 1330 2176 Londres
1350 2154 1397 2177 en
1417 2153 1438 2176 a
1458 2140 1634 2190 imprime

233 2208 307 2232 une
328 2196 539 2233 traduction
561 2196 727 2246 anglaise
747 2196 840 2232 dans
866 2196 900 2232 16
920 2204 1020 2233 tome
1039 2198 1134 2232 XXI
1156 2196 1200 2233 de
1220 2197 1510 2248 l⁷Arclzffologiae

285 2256 322 2290 2.
355 2258 387 2291 A
405 2258 632 2305 Ravenspur
651 2257 681 2302 (1
701 2257 714 2290 ἱ
736 2267 835 2291 mars
858 2256 995 2301 1471),
1019 2256 1090 2301 οὺ,
1117 2255 1289 2293 soixante
1310 2265 1346 2293 et
1362 2270 1454 2294 onze
1475 2270 1542 2294 ans
1562 2271 1634 2295 au-

232 2322 433 2362 paravant,
462 2314 579 2351 Henri
599 2313 645 2350 de
666 2316 866 2350 Lancastre
892 2312 993 2350 avait
1018 2312 1211 2363 de'barque
1236 2327 1336 2364 pour
1361 2315 1540 2353 detroner
1565 2316 1634 2353 Ri-

232 2371 348 2408 chard
368 2374 418 2409 II.

287 2433 323 2471 3.
355 2435 454 2469 Dans
475 2433 508 2470 le
528 2446 597 2470 ms.
620 2435 685 2481 qui
700 2446 737 2468 se
754 2433 808 2466 acl
823 2445 972 2480 regnum
993 2433 1262 2478 coufluoeermzt.

286 2493 323 2526 4.
355 2494 431 2528 Sua
456 2491 610 2540 indique
636 2491 726 2540 qu'il
754 2490 891 2540 portait
911 2490 944 2526 le
966 2503 1055 2526 noni
1074 2490 1236 2539 d’York,
1264 2492 1358 2529 mais
1378 2506 1454 2529 non
1475 2506 1540 2543 pas
1560 2507 1633 2543 que

232 2557 327 2585 cette
348 2550 435 2585 ville
458 2550 636 2586 l'avoriszit
656 2563 713 2586 ses
733 2550 968 2598 esperances‚
990 2562 1054 2585 car
1071 2549 1095 2585 il
1117 2552 1180 2598 n'y
1201 2550 1256 2585 fut
1275 2563 1365 2599 recu
1385 2553 1471 2599 qu'ii
1494 2552 1527 2587 la
1544 2565 1635 2588 con-

232 2607 350 2644 dition
383 2608 576 2656 d’abjurer
603 2622 659 2645 ses
689 2608 920 2658 pretentions
949 2609 969 2643 ἰι
998 2607 1033 2644 la
1061 2621 1256 2645 couronne
1290 2623 1336 2646 en
1370 2611 1550 2659 presence
1581 2611 1633 2648 du

232 2667 369 2717 peuple
389 2676 425 2703 et
447 2667 494 2703 du
524 2668 649 2717 cierge
682 2666 809 2703 sennis
829 2665 921 2702 dans
940 2666 976 2702 la
997 2666 1235 2704 cathedrale.
1260 2667 1423 2717 Litigard
1437 2699 1446 2715 ‚
1473 2671 1634 2704 Histoire

231 2726 505 2774 cl'Angleterre‚
533 2734 557 2762 t.
581 2729 631 2770 ΙΙ,
654 2726 713 2761 cli.
737 2738 787 2761 1x.
