1923 3020
686 301 830 336 LIBER
866 299 1132 336 SECUNDUS.
1534 297 1610 334 203

208 391 547 454 improperavit
575 398 715 451 atque
746 386 1004 450 respondit.
1044 390 1100 432 Et
1135 403 1244 432 cum
1280 387 1381 433 altis
1415 385 1612 431 vocibus

208 467 555 530 proclamarent
582 484 591 511 z
623 485 644 508 «
670 465 805 510 Vivat
829 467 1119 509 Francorum
1146 462 1250 509 rex!
1278 483 1299 507 n
1327 464 1425 527 ipse
1450 479 1502 509 ex
1532 462 1613 508 ad-

208 562 366 600 verso,
396 554 574 606 quanto
601 543 746 603 magis
771 551 979 605 poterat,
1005 542 1129 588 hanc
1152 559 1320 588 vocem
1344 541 1574 587 referebat
1599 558 1607 584 :

213 640 234 664 t(
260 623 372 665 Vive
391 617 741 682 Bourgoitegne!
764 637 786 661 »
812 617 1091 664 Praeclarum
1113 628 1159 664 et
1181 617 1488 664 memorabile
1510 618 1614 663 faci-

209 713 298 742 nus
330 696 469 757 hujus
499 697 619 759 regis
655 700 965 752 Francorum,
998 696 1075 740 cui
1115 695 1320 740 fortassis
1356 696 1429 740 vix
1462 693 1614 740 simile

208 771 337 818 aliud
358 772 431 817 vel
456 773 503 817 in
532 772 767 818 veteribus
790 770 1056 830 annalibus,
1087 771 1160 816 vel
1188 772 1236 816 in
1274 770 1614 816 recentioribus

208 849 413 894 historiis
446 850 617 912 poterit
645 848 776 895 facile
805 847 1019 893 inveniri.
1051 847 1177 902 Quid
1207 847 1357 906 enim,
1388 848 1461 894 vel
1488 847 1616 892 stoli-

209 926 334 985 dius,
353 925 426 971 vel
447 926 653 989 perlidiae
682 924 948 986 insignioris
973 922 1118 982 aliud,
1141 932 1220 968 aut
1237 924 1437 986 nequius
1461 923 1616 969 afferri

209 1012 389 1066 posset,
422 1019 580 1064 regem
606 1002 834 1065 populum
860 1001 992 1046 illum
1019 1000 1067 1045 in
1098 1015 1229 1046 arma
1253 1001 1509 1051 concitasse
1533 1000 1616 1045 ad-

210 1095 371 1125 versus
404 1079 785 1141 Burgundiones,
821 1094 913 1123 suae
941 1077 1099 1122 salutis
1129 1092 1294 1135 causa,
1328 1078 1488 1140 eisque
1517 1093 1615 1122 non

211 1172 305 1201 una
333 1165 518 1201 tantum
549 1156 676 1213 vice,
704 1154 785 1200 sed
816 1153 1076 1199 innumeris
1105 1169 1236 1216 paene
1262 1153 1444 1198 vicibus
1474 1152 1617 1198 fidem

210 1231 393 1277 dedisse
414 1231 546 1294 quod
567 1231 746 1277 eisdem
773 1231 931 1276 omnia
952 1229 1238 1275 defensionis
1268 1239 1314 1275 et
1334 1230 1618 1275 auxiliorum

210 1308 373 1353 solatia
400 1307 641 1353 exhiberet
669 1307 892 1352 adversus
922 1307 1114 1352 eosdem
1145 1305 1528 1367 Burgundiones,
1576 1315 1620 1351 et

211 1401 357 1441 nunc,
381 1401 491 1430 cum
512 1394 719 1430 extrema
739 1400 898 1430 rerum
919 1383 1133 1428 omnium
1152 1383 1416 1429 calamitate
1436 1400 1619 1446 preme-

211 1471 373 1507 rentur
406 1478 490 1525 per
526 1460 916 1523 Burgundionum
954 1460 1153 1519 ducem,
1196 1459 1351 1505 eidem
1385 1459 1615 1519 militare,

211 1539 341 1599 signa
361 1555 444 1584 sua
461 1538 677 1583 militaria
696 1538 919 1601 perferre,
942 1553 991 1583 se
1008 1538 1106 1599 ejus
1124 1537 1393 1583 charactere
1410 1554 1620 1583 commu-

212 1615 329 1674 nire,
359 1624 404 1660 et
427 1615 648 1660 comitem
667 1614 904 1660 addidisse
924 1614 984 1660 ad
1002 1613 1317 1661 excidendum
1341 1631 1421 1660 eos
1446 1614 1619 1677 quibus

211 1692 437 1737 auxilium
467 1702 512 1738 et
543 1691 804 1738 subsidium
836 1702 1002 1738 contra
1030 1709 1138 1739 eum
1170 1692 1488 1757 praestiturum
1520 1709 1619 1739 sese

212 1786 440 1832 suamque
463 1770 607 1816 fidem
631 1771 887 1816 arctissime
911 1771 1254 1818 obstrinxerat?

280 1846 430 1892 Pudet
454 1864 528 1893 me
552 1847 766 1910 profecto
791 1847 882 1893 hoc
905 1848 1068 1893 litteris
1090 1848 1316 1894 mandare
1340 1863 1394 1892 ac
1417 1847 1614 1907 referre,

213 1923 439 1969 scientem
463 1923 555 1969 1100
579 1923 766 1969 difficile
788 1940 815 1970 a
838 1924 1050 1988 plurimis
1072 1924 1201 1970 credi
1223 1940 1379 1987 posse.
1407 1923 1499 1969 Sed
1522 1933 1619 1970 tam

214 2001 506 2063 insignitum¹
528 2011 669 2064 atque
690 2001 984 2047 diffamatum
1004 2019 1088 2065 per
1106 2017 1299 2047 omnem
1319 2000 1518 2046 Galliam
1543 2018 1620 2046 ex-

214 2079 347 2136 stitit,
377 2088 539 2142 totque
572 2079 754 2124 idoneis
786 2081 1064 2126 testimoniis
1088 2079 1421 2125 confirmatum
1451 2095 1619 2124 eorum

215 2157 297 2219 qui
318 2156 412 2202 hoc
430 2166 474 2202 et
495 2155 716 2202 viderunt
739 2166 784 2201 et
806 2157 1071 2215 audierunt,
1098 2167 1148 2202 ut
1169 2155 1441 2218 ambigendi
1464 2155 1615 2215 locus,

215 2233 302 2277 nisi
327 2234 630 2296 pervicaciter
653 2234 791 2279 nimis
811 2235 1068 2298 perspicuae
1092 2234 1273 2280 veritati
1295 2232 1514 2279 reluctari
1537 2249 1618 2278 cu-

214 2310 376 2372 pienti,
404 2311 582 2356 nemini
607 2310 916 2374 relinquatur.

271 2448 288 2483 1
300 2478 308 2485 .
339 2449 542 2497 Insigniter
559 2446 653 2484 dans
673 2446 708 2484 le
726 2459 796 2483 ms.
