1923 3020
766 231 906 266 LIBER
933 230 1146 265 TERTIIJS.
1582 231 1647 264 261

262 330 356 360 non
383 316 580 378 ignorati
606 316 702 361 doli
739 326 781 361 et
822 315 1199 362 machinamenta
1226 332 1332 362 eum
1367 316 1498 362 aliter
1521 331 1656 377 agere

261 392 535 453 coegissent.

744 581 1081 625 CAPtTULUM
1116 583 1171 625 X.

262 713 311 744 De
336 709 455 755 praelio
480 711 666 743 commisso
692 712 832 745 Paschae
856 712 931 755 die,
961 714 995 746 in
1024 727 1094 758 quo
1109 741 1118 759 ,
1146 715 1288 749 cedente
1306 716 1450 751 victoria
1468 716 1634 751 Edoardo
1651 745 1659 760 ,

331 775 445 796 comes
469 762 512 796 de
530 765 680 797 Il'arviclz
693 791 701 806 ‚
722 778 801 798 cum
820 767 935 800 multis
952 780 1091 800 suarum
1110 768 1279 813 partium,
1299 769 1485 803 exstinctus
1501 779 1550 803 est
1564 772 1588 802 ¹.

325 884 443 927 Cum
478 883 614 945 igitur
650 882 868 928 illuxisset
908 884 1243 931 sacratissimus
1284 886 1382 932 dies
1414 887 1663 934 dominicae

262 962 631 1016 resurrectionis,
677 962 756 1022 qui
793 977 886 1005 xw.
924 961 1135 1022 ejusdem
1171 964 1342 1007 mensis
1379 974 1494 1022 erat,
1524 982 1662 1011 mane

262 1038 418 1084 hostes
442 1056 552 1084 suos
580 1039 645 1099 (iu
679 1037 849 1100 quibus
885 1039 1102 1100 praecipui
1128 1049 1262 1085 erant
1298 1039 1392 1085 dux
1422 1043 1660 1097 Oxoniae2,

260 1132 418 1161 comes
464 1116 523 1160 de
566 1114 812 1172 Il'arwicle,
874 1114 1084 1159 marchio
1126 1116 1474 1176 Montis-acuti,
1527 1119 1665 1165 frater

260 1209 371 1238 suus
386 1194 414 1250 ³,
444 1208 602 1237 comes
636 1192 858 1249 Oxoniae,
897 1191 1122 1236 dominus
1154 1192 1213 1237 de
1243 1193 1581 1252 Bellomoiite⁶‚
1620 1206 1664 1241 et

260 1270 418 1333 plures
461 1269 537 1315 alii
574 1284 808 1331 procereS‚
855 1268 1023 1313 milites
1058 1278 1197 1331 atque
1231 1270 1416 1316 nobiles
1461 1272 1663 1334 partium

260 1355 352 1391 tam
378 1345 563 1390 Henrici
602 1359 744 1405 quam
778 1344 997 1388 me‘elz
1027 1345 1355 1391 studiosissimi
1380 1363 1433 1392 ac
1467 1349 1663 1393 tenacis-

259 1423 383 1485 simi)
423 1422 545 1468 bello
570 1421 766 1468 adortus
800 1430 886 1466 est.
914 1424 1034 1467 Cum
1067 1422 1262 1484 quihus,
1303 1440 1402 1469 sese
1427 1424 1596 1470 acriter
1619 1435 1664 1470 et

258 1501 467 1546 animose
494 1497 872 1555 defendentihus,
911 1498 1143 1544 dimicans
1172 1509 1361 1546 strenue
1406 1517 1458 1546 ac
1494 1511 1660 1564 poten-

258 1588 342 1635 ter,
371 1580 470 1622 Deo
496 1577 558 1622 ita
579 1575 783 1634 volente,
811 1575 1127 1639 pulcherrima
1152 1577 1331 1639 potitus
1351 1586 1420 1622 est
1444 1577 1658 1623 victoria.

259 1657 373 1700 Nam
393 1654 484 1699 illic
502 1654 603 1699 caesi
620 1653 807 1698 fuerunt
824 1652 899 1698 ille
915 1670 1111 1715 magnus
1126 1654 1277 1716 (quod
1299 1671 1418 1717 saepe
1439 1653 1663 1716 diximus)

258 1731 584 1795 proditionum
621 1729 922 1790 architectus,
964 1748 1123 1776 comes
1167 1731 1225 1777 de
1266 1732 1515 1791 Il'arwl'elz,
1553 1749 1661 1777 cum

258 1807 384 1853 dicto
422 1807 724 1863 marchione,
770 1807 906 1853 fratre
944 1825 1048 1867 suo,
1092 1806 1401 1871 pluribusque
1439 1809 1664 1854 militibus

259 1883 498 1929 nobilibus
540 1893 585 1928 et
622 1883 809 1946 populis
845 1885 1046 1947 partium
1082 1901 1299 1941 suarum,
1349 1886 1499 1930 caeteri
1549 1902 1661 1931 vero

259 1962 346 2007 fusi
372 1962 626 2023 fugatique,
657 1960 773 2021 fugae
797 1961 1012 2024 praesidio
1037 1972 1300 2007 evaserunt.

324 2038 406 2082 Hic
425 2037 545 2095 finis,
569 2037 666 2081 haec
685 2052 879 2093 merces,
899 2037 990 2082 hoc
1011 2037 1224 2083 debitum
1243 2037 1433 2100 praesato
1457 2039 1660 2084 maximo

259 2114 488 2177 proditori
516 2112 804 2176 stipendium
840 2113 948 2170 fuit;
991 2116 1070 2175 qui
1104 2114 1224 2159 dolis
1263 2124 1402 2177 atque
1428 2115 1662 2178 proditio-

260 2190 396 2236 nibus
421 2192 532 2247 suis,
556 2190 712 2235 civiles
737 2189 941 2252 primum
966 2190 1296 2248 dissensiones,
1329 2209 1411 2255 per
1433 2209 1548 2254 quas
1576 2194 1661 2239 suit

260 2268 488 2312 Henricus
517 2283 661 2328 regno
691 2266 852 2329 pulsus
879 2276 922 2311 et
950 2267 1195 2313 Edoardus
1220 2269 1265 2313 in
1288 2284 1444 2329 regem
1469 2269 1662 2316 subvec-

311 2407 347 2440 1.
379 2402 555 2454 Chapitre
576 2402 645 2439 tire
664 2402 709 2457 de
729 2401 764 2439 la
785 2403 907 2439 meme
927 2416 1059 2439 source
1079 2415 1152 2452 que
1168 2402 1203 2440 le
1224 2403 1429 2454 precedent
1451 2414 1568 2455 quant
1587 2419 1661 2442 aux

258 2462 339 2500 faits
358 2463 598 2512 historiques.

312 2524 348 2558 Ξ.
380 2522 554 2571 Corrigez
576 2523 751 2558 Effusae.
776 2521 804 2556 Il
826 2520 931 2571 s'agit
953 2520 1002 2557 du
1023 2520 1096 2558 duc
1115 2521 1304 2567 d'Exeter,
1328 2525 1458 2572 Henry
1480 2523 1660 2561 Holland.

313 2585 348 2620 3.
381 2581 479 2618 John
501 2580 638 2624 chill,
665 2581 829 2630 iii-arquis
849 2580 895 2616 dc
916 2584 1133 2631 Montague,
1156 2583 1254 2619 lrere
1274 2582 1321 2619 de
1342 2583 1540 2621 xx‘arwick

312 2643 348 2679 4.
382 2644 432 2677 Le
454 2649 575 2677 comte
599 2640 782 2677 d'Oxford
803 2649 838 2677 et
864 2640 897 2677 le
920 2641 1082 2677 vicomte
1103 2641 1149 2678 de
1170 2645 1375 2679 Beaumonl
1392 2673 1399 2686 ,
1432 2642 1515 2688 dejii
1549 2656 1660 2680 men-

259 2699 405 2736 tionnes
430 2699 520 2736 dans
544 2700 578 2736 le
599 2699 768 2750 chapitre
790 2699 1006 2750 precedent,
1029 2715 1066 2751 p.
1092 2703 1182 2737 257.
