1923 3020
738 214 883 248 LIBER
922 212 1161 258 QUARTUS.
1575 212 1613 244 31
1633 212 1642 244 l

320 301 410 348 Sed
434 317 531 347 non
556 311 653 347 erat
676 300 774 347 baec
804 301 991 347 saevior¹
1011 336 1021 358 ‚
1047 316 1150 362 quae
1173 307 1339 344 contra
1362 300 1651 342 Francorum

255 379 507 424 exercitum
532 378 798 437 dimicaret,
827 377 1074 422 hostilitas.
1111 375 1388 438 Pugnabant
1410 374 1534 420 enim
1561 373 1653 419 ele·

257 464 412 500 menta
435 463 601 500 contra
623 471 726 513 eos,
753 471 806 500 ac
832 455 980 500 multo
1006 453 1109 517 plus
1133 453 1191 499 de
1215 453 1326 516 ipsis
1352 462 1553 514 stragem
1582 450 1654 496 fa-

255 531 440 577 ciebant
456 529 757 576 vehementes
776 531 897 576 illius
916 531 1118 591 regionis
1131 540 1176 575 et
1194 546 1325 592 paene
1340 527 1657 574 intolerabiles

255 607 363 653 solis
386 615 548 663 aestus,
579 608 660 669 qui
682 607 801 652 adeo
826 608 982 669 magni
1019 623 1127 650 cum
1151 605 1291 664 longa
1321 622 1405 668 per
1428 605 1657 668 plurimos

256 698 436 727 menses
460 682 665 728 siccitate
700 682 780 727 illo
806 698 934 728 anno
968 697 1099 743 paene
1124 680 1300 743 ubique
1325 691 1556 727 terrarum
1583 698 1659 727 ex-

255 760 496 818 stiterunt,
538 770 588 805 ut
623 769 803 805 veteres
835 758 1106 804 Phaetontis
1131 757 1310 803 fabulas
1336 768 1379 803 et
1404 758 1622 804 incendia
1647 795 1657 814 ,

254 852 356 899 quae
381 835 468 881 sub
496 835 584 881 illis
609 835 846 881 veteribus
882 835 1073 880 fuerunt
1098 834 1391 896 temporibus
1412 871 1422 892 ‚
1451 835 1658 880 reditum

255 914 381 958 esse²
418 912 674 957 videretur.
711 915 816 957 Non
843 911 969 956 enim
998 920 1096 956 erat
1121 909 1243 955 ullus
1282 920 1376 956 tam
1403 928 1543 956 senex
1579 921 1661 957 aut

256 988 557 1052 grandaevus⁷
599 988 681 1050 qui
724 1003 938 1048 unquam
982 984 1156 1031 similes
1195 986 1303 1031 solis
1339 986 1530 1032 ardores
1566 1003 1661 1033 una

255 1074 409 1110 aestate
437 1064 604 1110 vidisse
628 1063 935 1109 meminisset.
955 1065 1070 1119 Quae
1087 1078 1160 1107 res
1184 1062 1388 1119 Francis,
1416 1064 1496 1124 qui
1520 1064 1659 1108 etiam

255 1142 460 1206 plurium
492 1158 651 1187 rerum
684 1140 1055 1186 necessariarum
1092 1140 1290 1203 penuria
1328 1156 1446 1203 saepe
1479 1140 1661 1186 labora-

255 1218 370 1264 bant
403 1219 547 1280 (nam
578 1218 738 1263 omnia
776 1218 897 1263 illius
929 1217 1134 1280 regionis
1159 1225 1204 1262 et
1230 1216 1494 1262 vicinarum
1518 1227 1659 1263 terra-

257 1312 362 1341 rum
386 1294 604 1340 victualia
629 1311 723 1357 prae
756 1294 902 1339 nimia
930 1293 1178 1338 hominum
1210 1302 1254 1338 et
1285 1309 1517 1355 equorum
1543 1292 1661 1338 mul-

258 1371 454 1417 titudine
494 1370 948 1434 consumpserant),
996 1371 1223 1416 maximas
1254 1369 1406 1415 attulit
1443 1370 1623 1416 inedias
1646 1404 1658 1425 ‚

256 1458 396 1511 atque
420 1448 542 1493 inter
562 1464 643 1493 eos
666 1448 896 1511 plurimos
921 1457 965 1493 et
988 1447 1141 1492 varios
1163 1446 1356 1491 morbos
1379 1446 1658 1504 cumulavit;

256 1542 281 1571 e
302 1525 475 1588 quibus
506 1525 717 1589 profecto
749 1525 890 1587 longe
923 1525 1080 1588 plures
1104 1541 1246 1587 quam
1276 1524 1431 1587 gladio
1462 1534 1508 1570 et
1536 1524 1660 1570 bello

257 1601 494 1664 absumpti
517 1611 562 1647 et
586 1602 799 1647 exstincti
817 1601 954 1647 fuisse
980 1600 1267 1647 ferebantur.

324 1681 443 1724 Cum
486 1695 597 1724 vero
646 1679 988 1742 primogenitus
1025 1678 1174 1723 filius²³
1207 1678 1327 1739 regis
1356 1680 1625 1740 Aragonum
1647 1718 1657 1734 ‚

260 1771 401 1816 agens
435 1764 547 1799 tunc
584 1753 632 1798 in
658 1755 848 1799 remotis
871 1755 992 1800 circa
1034 1754 1321 1813 Valentiam,
1363 1753 1664 1800 intellexisset

260 1833 402 1894 regis,
436 1831 659 1893 genitoris
690 1831 791 1884 sui,
818 1832 1089 1894 civiumque
1123 1831 1423 1876 obsessorum
1455 1829 1664 1894 pericula

261 1919 305 1955 et
330 1925 571 1972 pressuras
589 1945 600 1966 ‚
622 1909 788 1954 dolore
812 1909 1093 1954 intrinsecus
1120 1917 1267 1953 tactus
1283 1943 1294 1963 ‚
1321 1908 1387 1951 uti
1421 1923 1507 1970 par
1531 1916 1630 1952 erat
1646 1943 1657 1964 ,

261 1986 391 2049 quod
416 1985 539 2031 idem
566 2002 677 2030 suus
701 1986 886 2047 genitor
906 1987 1123 2046 civesque
1151 1984 1216 2029 illi
1243 1983 1500 2029 fidelissimi
1525 1983 1664 2029 tantis

261 2062 557 2124 subjacerent
582 2063 799 2125 periculis
821 2097 832 2117 ,
865 2063 1096 2124 tantisque
1123 2060 1466 2106 calamitatibus
1501 2070 1547 2105 et
1580 2077 1663 2106 an-

263 2139 420 2199 gustiis
441 2149 784 2202 premerentur,
808 2139 1020 2184 debitum
1044 2138 1103 2183 ad
1126 2136 1347 2183 eumdem
1366 2147 1548 2200 patrem
1572 2137 1664 2200 pie-

264 2218 367 2261 tatis
405 2216 625 2262 exhibere
666 2233 835 2261 curans
881 2216 1111 2274 officium,
1163 2215 1356 2261 collecta
1400 2214 1460 2261 ad
1506 2216 1663 2261 statim

264 2292 474 2353 majore,
516 2308 658 2354 quam
691 2292 873 2354 potuit,
903 2301 998 2337 tam
1023 2291 1235 2354 equitum
1273 2307 1418 2353 quam
1451 2291 1663 2354 pediturn

264 2384 408 2414 manu
430 2404 440 2426 ‚
469 2367 529 2413 ad
554 2367 800 2413 ferendum
828 2367 1028 2414 obsessis
1051 2368 1215 2413 solatia
1240 2376 1286 2413 et
1309 2366 1369 2413 ad
1393 2383 1668 2413 succurren-

318 2561 332 2594 1
349 2587 355 2594 .
386 2559 519 2596 Sanior
538 2557 630 2595 dans
650 2557 685 2594 le
706 2571 774 2595 ms.

318 2622 355 2658 2.
388 2619 564 2672 Corrigez
582 2622 740 2656 reditum
761 2623 822 2657 iri.

322 2683 357 2719 3.
391 2682 625 2727 Fon-dinand,
648 2681 867 2718 surnomme'
887 2681 1020 2732 depuis
1039 2682 1074 2719 le
1097 2682 1332 2731 Catholique.

1723 327 1730 345 Ι
