1923 3020
734 265 878 300 LmER
908 264 1102 300 PRIMUS.
1571 265 1618 297 15

223 351 362 397 fultus
392 361 437 398 et
463 362 556 397 tam
579 351 994 398 celeberrimorum
1026 352 1167 397 totius
1194 352 1325 412 regni
1361 351 1620 413 gallicanae-

222 446 313 491 que
352 429 564 474 Ecclesiae
600 438 921 475 conventuum
960 429 1159 474 consilio
1207 438 1251 474 et
1288 429 1616 486 consensione,

221 506 478 561 sanxisset,
525 505 723 565 vol-uerit
765 522 848 568 per
886 504 1230 568 poenitudinem
1270 504 1447 550 aboleri
1488 515 1534 550 et
1572 505 1618 550 in

223 583 403 627 irritum
428 581 615 627 deduci.

706 811 1035 854 CAPITULUM
1081 812 1132 852 V.

282 939 472 983 Quomodo
491 954 549 974 rex
566 953 677 974 novus
694 942 821 986 regiam
837 954 933 975 suam
951 940 1159 974 Parisiorum
1180 940 1301 974 urbem
1322 941 1492 987 ingressus
1507 952 1566 980 est,

293 1068 545 1127 Postquam
562 1075 718 1111 autem
733 1066 911 1128 aliquot
924 1064 1090 1110 diebus
1110 1066 1155 1109 in
1173 1065 1300 1110 dicto
1318 1067 1424 1112 loco
1443 1069 1623 1114 Sancti-

226 1141 436 1202 Dionysii
458 1151 717 1187 remoratus
738 1151 872 1196 esset,
894 1141 1220 1187 venationibus
1240 1151 1284 1188 et
1308 1144 1522 1206 aucupiis
1546 1161 1624 1190 ve-

225 1217 468 1264 hementer
492 1218 777 1282 [intentus],
805 1220 1062 1280 ingressum
1094 1218 1224 1264 urbis
1259 1220 1394 1281 regiae
1425 1222 1624 1267 Parisio-

227 1312 356 1353 rum,
386 1296 429 1339 in
457 1312 549 1357 qua
574 1296 789 1341 nondum
812 1295 1014 1359 perfecta
1038 1304 1168 1341 erant
1192 1312 1294 1357 quae
1316 1296 1375 1340 ad
1398 1313 1625 1361 pompam

228 1383 272 1419 et
296 1373 689 1434 magnificentiam
716 1373 996 1435 receptionis
1018 1384 1108 1418 suae
1131 1372 1508 1436 apparabantur,
1537 1375 1626 1420 dif-

227 1450 378 1495 ferens
417 1461 461 1495 et
498 1450 776 1513 protrahens
799 1487 810 1508 ,
853 1449 912 1495 ad
953 1449 1208 1512 quamdam
1243 1450 1441 1497 domum
1478 1470 1627 1516 prope

226 1528 756 1585 Montem-Martyrum¹,
786 1525 891 1570 urbi
914 1527 1249 1589 propinquam,
1277 1529 1485 1573 accessit.
1516 1532 1628 1575 Per-

228 1601 403 1647 tinebat
440 1613 595 1647 autem
627 1602 791 1647 eadem
829 1602 998 1647 domus
1033 1603 1218 1648 cuidam
1258 1603 1347 1648 civi
1385 1605 1627 1651 Parisiensi

228 1679 308 1740 qui
344 1678 602 1724 vocabatur
632 1679 849 1740 magister
880 1681 1082 1724 Joannes
1118 1682 1348 1739 Baream,
1384 1682 1464 1743 qui
1506 1699 1629 1728 unus

228 1764 327 1801 erat
359 1756 417 1801 de
441 1755 733 1818 generalibus
757 1755 1066 1800 linanciarum
1091 1765 1135 1801 et
1155 1757 1455 1804 exactionum
1476 1761 1624 1819 regni.

230 1833 446 1877 Decursis
489 1843 644 1878 autem
680 1832 847 1877 exinde
883 1832 1030 1878 tribus
1070 1842 1148 1877 aut
1191 1843 1395 1894 quatuor
1431 1834 1625 1893 diebus,

229 1909 380 1972 prima
416 1909 713 1955 hebdomade
750 1909 1049 1972 septembris,
1090 1926 1199 1954 cum
1239 1910 1532 1957 nobilissimo
1576 1928 1629 1958 ac

230 1984 689 2046 magnificentissimo
735 1985 992 2041 comitatu,
1044 1984 1210 2030 urbem
1254 1986 1486 2047 ingressus
1526 1998 1626 2045 est,

231 2061 372 2124 paulo
398 2071 500 2125 post
524 2062 689 2107 horam
713 2078 1028 2124 vesperarum.
1058 2065 1113 2106 Et
1136 2061 1401 2122 ingrediens
1426 2063 1592 2110 urbem
1615 2102 1626 2123 ,

231 2138 291 2184 ad
317 2139 680 2201 insignissimum
707 2139 839 2183 titulo
866 2139 1077 2201 gloriosa*
1108 2139 1193 2184 Dei
1227 2140 1471 2200 genetricis
1497 2141 1631 2187 dedi-

231 2227 385 2262 catum
406 2218 633 2280 templum
653 2233 706 2261 ex
723 2232 854 2261 more
878 2217 1084 2261 accessit.
1115 2218 1164 2260 ln
1192 2231 1286 2277 quo
1311 2232 1337 2262 a
1361 2220 1631 2265 venerando

235 2294 360 2340 urbis
375 2305 417 2340 et
440 2299 538 2340 Deo
560 2294 748 2339 amabili
766 2295 989 2351 antistite,
1017 2294 1270 2339 Guillelmo
1290 2296 1627 2359 Quadrigarii³,

233 2370 334 2416 viro
370 2372 642 2417 doctissimo
675 2381 719 2417 et
754 2372 846 2417 vita
882 2380 1020 2434 atque
1055 2370 1264 2417 moribus
1298 2372 1631 2436 probatissimo

287 2510 322 2542 1.
355 2510 457 2544 Cette
485 2507 627 2543 maison
657 2506 775 2543 situee
800 2520 846 2543 au
880 2505 947 2543 bas
973 2506 1019 2543 de
1044 2510 1313 2553 Montmartre,
1344 2510 1432 2546 etait
1452 2510 1545 2547 celle
1567 2511 1632 2547 des

234 2566 483 2603 Porcberons.
510 2568 641 2604 Clzron.
663 2568 809 2613 secunl„
831 2565 878 2602 ad
898 2579 986 2604 ann.
1016 2569 1128 2605 1461.

287 2628 324 2662 2.
357 2628 408 2662 Le
443 2627 565 2662 meme
597 2625 688 2661 dont
722 2625 882 2662 l'auteur
913 2639 934 2662 a
966 2626 1030 2663 fait
1068 2627 1204 2680 l’eloge
1237 2629 1330 2666 dans
1364 2628 1555 2665 l'Histoire
1586 2628 1632 2666 de

235 2684 386 2722 Cbarles
409 2686 491 2729 Vll,
515 2684 536 2722 l.
564 2687 609 2728 V,
631 2684 690 2722 cb.
711 2698 764 2721 VI.

291 2749 325 2781 3.
360 2745 575 2782 Guillaume
595 2745 777 2782 Chartier.
