1923 3020
742 308 883 341 LIBER
911 308 1125 342 TERTIUS.
1569 305 1642 339 259

243 393 590 439 infelicitatem?
617 393 738 438 Felix
763 392 992 455 profecto,
1020 393 1058 437 si
1084 392 1268 454 quietus
1293 399 1338 435 et
1361 389 1639 452 tranquillus

238 468 453 513 dimissus
469 505 480 525 ‚
508 485 592 515 nec
616 484 641 514 a
661 468 802 530 longa
825 469 1090 531 captivitate
1114 467 1311 525 solutus,
1345 467 1392 511 in
1424 481 1507 511 sua
1531 481 1638 511 arce

242 544 594 590 Londoniarum
618 546 825 590 reclusus
848 546 1108 603 mansisset,
1138 545 1372 590 malorum
1391 558 1638 607 compara-

240 621 366 665 tione
386 657 395 675 ,
434 637 536 683 quac
561 621 683 667 hanc
709 623 806 683 ejus
832 631 1214 668 momentaneam
1250 622 1296 666 in
1328 622 1478 683 regale
1512 621 1637 667 fasti-

239 698 365 758 gium
405 699 745 760 repositionem
790 716 815 744 e
848 700 1040 761 vestigio
1074 709 1231 744 secuta
1264 697 1396 744 sunt!
1444 698 1638 744 Felicior

238 789 350 817 vero
374 774 411 818 si
450 774 496 818 in
537 776 846 832 monasterio,
887 776 933 820 in
973 792 1069 836 quo
1104 792 1187 837 per
1224 783 1408 838 tempus
1444 773 1640 837 aliquod

237 849 327 894 sub
360 849 581 895 monachi
616 850 777 896 habitu
810 850 1097 905 delituerat¹,
1140 851 1187 894 in
1227 851 1312 895 Dei
1341 851 1549 909 servitio,
1590 851 1637 895 in

239 942 334 987 quo
359 942 542 972 summa
566 937 633 972 est
655 927 869 985 libertas,
909 927 1130 972 omnibus
1154 927 1492 988 temporalibus
1516 928 1640 973 curis

238 1018 436 1060 vacuus,
480 1004 525 1048 in
563 1004 705 1049 finem
736 1019 885 1064 usque
908 1002 1048 1064 hujus
1082 1002 1292 1047 mortalis
1317 1019 1409 1048 suae
1433 1005 1638 1065 peregri-

237 1079 439 1125 nationis
466 1080 634 1142 degere
667 1077 919 1143 potuisset!
969 1082 1126 1140 Longe
1150 1094 1263 1123 vero
1289 1079 1451 1139 magis,
1490 1080 1527 1124 si
1552 1096 1639 1126 nec

240 1172 450 1218 unquam
475 1157 534 1202 ad
562 1157 727 1219 regalis
750 1155 940 1218 pondus
965 1155 1256 1200 celsitudinis
1296 1164 1438 1217 atque
1474 1157 1642 1202 moles-

238 1234 435 1281 tissimas
466 1253 601 1281 curas
623 1235 918 1281 sustinendas
950 1245 995 1280 et
1020 1234 1324 1297 perferendas
1355 1235 1523 1297 jugum
1561 1254 1639 1282 su-

237 1309 413 1368 biisset,
441 1313 630 1374 suisque
655 1312 896 1375 impositas
930 1311 1189 1356 cervicibus
1215 1310 1538 1373 persensisset!
1573 1316 1641 1357 ln-

238 1387 554 1433 felicissimum
595 1389 772 1451 quippe
808 1388 1053 1433 infortunii
1078 1404 1224 1449 genus
1260 1398 1328 1433 est
1360 1388 1499 1434 fuisse
1540 1389 1638 1435 feli-

236 1480 354 1509 cem.
383 1464 507 1509 Olim
526 1464 730 1510 duorum
751 1465 1190 1528 potentissimorum
1209 1481 1465 1526 regnorum
1487 1464 1640 1511 dictus

236 1557 333 1598 rex,
364 1542 567 1587 Franciae
594 1542 767 1588 scilicet
797 1551 840 1587 et
866 1540 1052 1602 Angliae‚
1086 1541 1404 1603 inunctusque
1426 1542 1568 1588 etiam
1591 1543 1638 1588 in

236 1620 522 1663 Francorum
548 1635 706 1679 regem
730 1619 778 1663 in
808 1618 884 1663 illa
916 1618 1090 1680 inclyta
1118 1627 1164 1663 et
1196 1618 1320 1679 regia
1354 1619 1638 1665 Parisiorum

237 1694 380 1753 urbe,
421 1711 564 1758 quam
601 1705 702 1741 tum
738 1712 847 1740 cum
880 1711 1051 1758 magna
1089 1695 1298 1757 ejusdem
1338 1697 1466 1758 regni
1507 1707 1639 1759 parte

237 1772 449 1831 tenebat3
492 1773 572 1818 sed
615 1783 683 1818 tot
720 1783 966 1836 tantasque
1010 1773 1319 1836 postmodum
1352 1774 1639 1820 calamitates

236 1849 650 1912 lamentabilesque
673 1866 806 1896 casus
831 1859 1047 1913 expertus
1072 1861 1156 1907 est,
1187 1867 1307 1913 quos
1331 1851 1496 1896 afferre
1520 1851 1638 1896 solet

235 1925 417 1971 lubrica.
441 1942 625 1989 semper
650 1936 694 1971 et
720 1926 946 1972 instabilis
976 1927 1305 1989 temporalium
1328 1927 1636 1989 imperiorum

236 2002 541 2065 magnitudo,
579 2012 628 2047 ut
662 2001 802 2047 nullis
834 2019 983 2065 prope
1022 2003 1321 2065 superiorum
1361 2002 1630 2063 infelicium,

237 2079 296 2124 de
318 2096 523 2142 quorum
554 2078 739 2125 casibus
772 2080 1006 2140 tragoediae
1038 2080 1315 2141 consci·ssptae
1348 2089 1457 2125 sunt
1487 2081 1636 2126 innu-

238 2171 393 2214 merae,
423 2157 470 2201 in
509 2156 800 2200 miseriarum
826 2155 1127 2201 multitudine
1154 2166 1199 2201 et
1230 2156 1541 2219 amplitudine
1564 2159 1635 2202 in-

237 2232 378 2278 ferior
403 2250 501 2279 esse
530 2233 743 2278 videatur
777 2250 786 2277 ι
819 2232 1031 2296 praebens
1061 2233 1235 2295 tragico
1269 2232 1504 2279 scribendi
1537 2244 1632 2280 tam

237 2311 477 2372 copiosam
511 2319 841 2371 extensamque
887 2309 1146 2366 materiam,
1186 2318 1234 2353 ut
1264 2309 1322 2354 de
1355 2326 1426 2367 ea,
1466 2311 1631 2373 procul

237 2387 413 2447 dubio,
448 2388 685 2432 innumeri
719 2403 849 2449 paene
878 2395 1008 2432 actus
1036 2385 1150 2447 fingi
1177 2395 1318 2448 atque
1341 2387 1504 2450 stringi
1527 2404 1634 2449 pos-

235 2465 341 2510 sint.

301 2544 368 2585 De
389 2557 481 2603 qua
502 2542 587 2585 etsi
604 2541 701 2602 jam
729 2541 873 2586 multa
898 2556 925 2586 a
959 2538 1114 2596 nobis,
1142 2549 1237 2586 tam
1265 2541 1312 2585 in
1346 2541 1466 2601 regis
1490 2540 1629 2603 hujus

236 2618 373 2678 gestis
405 2634 546 2680 quam
570 2618 734 2681 optimi
754 2617 824 2663 sui
844 2617 1082 2679 genitoris,
1111 2616 1334 2663 historica
1366 2619 1633 2664 narratione

291 2774 326 2806 1.
360 2773 454 2820 Voy.
477 2771 687 2817 Ci-dessus‚
710 2785 746 2820 p.
775 2772 837 2807 53.
