1923 3020
675 263 818 298 LIBER
847 262 1111 298 SECUNDUS.
1520 258 1592 294 169

202 348 388 410 longam
424 348 861 410 pervestigationem
901 346 1114 392 fecissent
1145 384 1156 405 ‚
1217 345 1509 404 retulerunt,
1551 353 1597 389 et

202 424 367 469 similia
387 423 640 486 aliquando
660 423 777 469 facta
803 423 954 480 fuisse,
978 432 1022 468 et
1042 422 1086 467 id
1107 423 1212 484 jure
1235 432 1373 485 atque
1391 420 1595 484 legitime

202 515 339 563 posse
363 499 480 543 fieri.

267 578 380 630 Quae
413 591 522 619 cum
551 576 610 620 ita
641 575 830 638 praefato
859 575 1023 620 illustri
1060 575 1220 620 comiti
1254 574 1448 619 fuissent
1473 589 1596 618 nun—

204 651 326 708 tiata,
354 659 399 694 et
422 667 504 712 per
529 651 791 714 frequentes
823 668 931 697 eum
957 651 1175 713 epistolas
1200 660 1246 696 et
1278 650 1468 695 nuntios
1495 685 1506 706 ,
1547 657 1597 693 ut

202 726 261 771 ad
282 725 329 770 id
352 726 637 781 intenderet,
666 744 761 772 non
786 728 1019 773 omitteret
1043 725 1169 789 [rex]
1201 725 1466 783 sollicitare,
1493 724 1595 770 dul-

203 802 385 847 cissima
424 819 606 866 semper
638 814 683 849 et
718 806 859 849 totius
893 802 1229 848 benevolentiae
1265 802 1430 865 plena,
1471 801 1595 847 filiali

202 895 310 924 eum
355 879 665 942 appellatione
710 881 1024 944 compellans,
1066 879 1236 926 talibus
1288 880 1479 925 allectus
1519 889 1591 937 et,

202 955 456 1001 reluctante
484 957 589 1002 licet
620 957 974 1019 quodammodo
1011 957 1169 1001 animo
1189 992 1198 1008 ,
1236 965 1519 1018 provocatus
1552 965 1597 1000 et

204 1049 470 1095 persuasus,
509 1035 566 1080 ad
592 1035 863 1097 hujusmodi
888 1033 1139 1079 initiendas
1171 1042 1215 1077 et
1251 1031 1598 1077 contrahendas

203 1111 388 1172 nuptias
411 1111 642 1157 solemnes
664 1111 863 1173 legatos⁷
892 1110 1062 1155 idonea
1093 1108 1307 1155 suffultos
1336 1117 1562 1170 potestate
1580 1143 1591 1165 ‚

202 1185 263 1230 ad
287 1202 442 1247 regern
467 1187 729 1243 destinavit,
751 1188 872 1232 circa
897 1185 1010 1231 illud
1030 1196 1214 1248 tempus
1233 1201 1327 1246 quo
1348 1184 1408 1229 ad
1426 1185 1598 1229 Dinan-

204 1270 304 1306 tum
322 1263 688 1325 expugnandum
711 1263 903 1308 transire
927 1261 1201 1325 adparabat.

639 1480 969 1524 CAPITULUM
1012 1479 1152 1521 XVll.

235 1615 285 1646 De
302 1613 415 1647 reditu
433 1622 465 1647 et
481 1614 701 1660 expeditione
714 1614 958 1660 praedictorum
975 1615 1168 1659 legatorum
1186 1621 1217 1646 et
1232 1612 1374 1646 Dinanti
1391 1611 1528 1645 excidio
1542 1613 1551 1630 ¹

270 1734 322 1776 Et
344 1731 459 1776 nihil
474 1732 632 1794 utique
646 1731 910 1793 ambigebat
936 1731 1043 1792 (nec
1069 1731 1199 1777 aliud
1223 1731 1319 1776 ullo
1342 1739 1481 1793 pacto
1505 1746 1600 1775 sus-

203 1807 347 1869 picari
376 1817 561 1870 poterat
593 1808 718 1853 idem
748 1824 921 1866 comes,
956 1808 1143 1853 attentis
1173 1823 1260 1870 pro
1290 1822 1344 1852 ea
1377 1822 1426 1850 re
1455 1814 1524 1850 tot
1557 1815 1600 1850 et

203 1883 372 1928 totiens
390 1900 471 1946 per
488 1901 645 1945 regem
660 1883 1112 1929 commonitionibus
1128 1894 1171 1928 et
1190 1881 1600 1928 adhortationibus

203 1960 467 2022 repetitis),
495 1962 609 2022 quin
635 1960 754 2021 jam²
775 1960 834 2005 ad
859 1960 1261 2023 complementum
1285 1969 1328 2003 et
1352 1958 1598 2020 perfectio-

203 2054 312 2082 nem
360 2054 431 2082 res
473 2038 573 2100 ipsa
618 2037 811 2100 perduci
857 2037 1033 2099 absque
1073 2036 1349 2081 difficultate
1387 2034 1594 2080 deberet.

203 2113 316 2158 Sed³
341 2130 450 2159 cum
474 2115 602 2159 ducti
627 2115 693 2159 sui
724 2114 861 2175 legati
885 2113 943 2159 ad
968 2113 1125 2159 locum
1155 2112 1234 2158 ubi
1259 2129 1338 2157 rex
1365 2121 1463 2156 tum
1489 2127 1596 2172 age-

204 2262 301 2299 pour
321 2248 447 2286 savoir
467 2249 497 2286 si
520 2262 570 2286 un
591 2261 658 2299 roy
679 2248 725 2284 de
745 2250 887 2285 France
909 2248 1066 2298 pouvoit
1089 2248 1235 2285 donner
1256 2260 1302 2284 en
1326 2246 1493 2297 mariage
1518 2248 1537 2283 a
1561 2260 1600 2284 sa

204 2308 278 2344 fille
299 2308 469 2344 lesdictes
489 2308 616 2345 contes
637 2316 671 2344 et
691 2307 744 2343 les
764 2315 863 2343 oster
885 2309 904 2343 ῑι
924 2307 959 2344 la
979 2320 1185 2344 couronne.
1214 2324 1228 2340 ³>
1255 2309 1495 2352 (slle'mm'res²
1517 2306 1542 2343 l.
1566 2309 1596 2350 Ι,

203 2366 261 2402 ch.
286 2368 419 2412 xxxv)
447 2370 600 2404 Comme
624 2366 790 2402 Thomas
814 2365 925 2401 Basin
947 2378 968 2401 a
993 2366 1084 2402 ecrit
1112 2366 1231 2402 moins
1251 2366 1467 2415 longtemps
1490 2366 1600 2414 apres

203 2424 256 2460 les
285 2425 526 2460 e'vcnements
555 2432 591 2460 et
618 2423 707 2472 qu’il
735 2423 824 2459 etait
855 2425 873 2459 ἐι
903 2423 936 2459 la
962 2437 1054 2460 cour
1081 2425 1128 2461 de
1151 2427 1379 2475 Bourgogne
1410 2437 1458 2461 en
1480 2426 1597 2470 1466,

203 2495 270 2518 son
301 2482 538 2532 temoignage
564 2482 658 2518 osl'rc
682 2482 766 2531 plus
794 2481 839 2518 de
865 2483 1051 2533 garanties
1075 2483 1340 2527 d⁷exactitude,
1368 2491 1449 2520 tout
1468 2483 1598 2532 singu—

203 2544 272 2581 lier
288 2544 379 2593 qu'il
400 2553 454 2580 est
477 2547 590 2593 qu'on
615 2544 685 2580 soit
706 2543 777 2580 alle
798 2544 827 2580 si
853 2543 933 2580 tard
956 2558 1029 2582 aux
1052 2545 1388 2596 renseignements.

256 2606 292 2639 1.
321 2603 496 2653 Chapitre
518 2601 646 2652 publie
667 2602 758 2638 dans
779 2601 1046 2651 l’Amplissima
1060 2607 1244 2650 collectio,
1271 2611 1294 2641 t.
1319 2605 1385 2649 IV,
1409 2602 1481 2639 col.
1507 2604 1595 2639 749.

258 2665 296 2702 2,
332 2665 512 2710 Quoniam
534 2662 625 2699 dans
650 2663 682 2699 le
705 2676 772 2700 1115.

261 2725 295 2760 3.
327 2726 367 2758 Si
387 2721 479 2758 dans
501 2721 535 2757 le
557 2734 625 2757 ms.
