1923 3020
660 274 801 309 LIBER
843 273 1069 319 QUINTUS.
1493 274 1558 308 381

177 363 348 408 factum
374 362 524 407 statim
556 361 670 406 alter
703 362 997 407 existimaret.
1035 360 1168 406 L'nde
1192 378 1300 406 cum
1327 363 1567 422 utriusque

175 439 391 500 gratiam,
429 438 772 499 captandorum
802 438 947 499 gratia
982 438 1245 493 lucrorum,
1281 436 1459 482 studuit
1493 453 1564 481 re-

174 524 373 570 tentare,
395 512 519 574 apud
538 513 806 558 utrumlibet
820 514 982 558 odium
1000 523 1141 574 atque
1160 513 1425 558 inimicitias
1440 529 1566 557 com-

174 590 368 652 paravit.

239 667 565 709 Verumtamen
599 674 698 709 esto
736 665 888 707 minus
918 663 1137 725 provide,
1170 664 1324 708 minus
1347 664 1559 709 consulte

171 743 217 786 in
242 741 312 785 his
336 756 433 785 sese
459 741 626 800 egerit3
653 749 751 784 esto
774 739 883 783 duci
905 740 1291 799 Burgundionum
1315 741 1386 785 x'el
1412 741 1563 785 inimi-

171 832 274 873 cus,
302 815 372 860 vel
397 814 603 877 perfidus
626 814 875 871 exstiterit,
902 814 1273 876 promissamque
1299 825 1404 859 ante
1425 826 1469 860 et
1487 816 1561 876 ju-

170 900 315 936 ratam
345 890 489 935 fidem
512 907 608 934 non
634 889 832 933 fideliter
862 905 914 934 ac
945 890 1125 934 sincere
1155 890 1240 935 sibi
1272 893 1521 936 servaverit

169 984 275 1012 cum
300 976 454 1011 tamen
480 966 538 1011 ad
563 967 716 1029 ipsum
740 981 794 1009 ex
821 965 1000 1010 ditione
1024 967 1165 1025 regis,
1195 983 1335 1028 quem
1359 968 1561 1013 acerbis-

169 1044 280 1088 sime
299 1043 531 1088 infensum
550 1041 741 1099 sciebat,
765 1040 851 1086 sub
871 1041 1168 1104 amplissimis
1190 1044 1345 1099 etiam,
1376 1054 1425 1088 ut
1445 1044 1564 1089 fama

169 1119 276 1175 fuit,
312 1119 400 1164 sibi
432 1118 550 1164 datis
582 1127 626 1163 et
655 1118 864 1180 praestitis
895 1117 1218 1162 securitatibus
1251 1119 1559 1179 confugisset,

168 1197 378 1259 profecto
400 1194 531 1257 quod
555 1211 664 1240 eum
691 1193 905 1239 manibus
931 1194 1065 1255 regiis
1084 1209 1136 1239 ac
1154 1196 1387 1256 potestati,
1416 1196 1562 1258 ruptis

167 1271 493 1333 hujuscemodi
523 1270 877 1326 securitatibus,
913 1268 1213 1315 cautionibus
1242 1287 1294 1315 ac
1327 1270 1418 1316 fide
1454 1288 1558 1329 sua,

166 1348 477 1403 contradidit,
506 1346 630 1409 apud
657 1363 821 1391 omnes
844 1346 1010 1400 ferme,
1036 1362 1240 1407 quorum
1266 1346 1321 1391 ad
1348 1348 1561 1392 notitiam

166 1440 218 1469 ea
256 1440 327 1468 res
359 1423 598 1485 pervenit,
636 1422 949 1483 turpissimam
982 1438 1035 1466 ac
1068 1422 1562 1482 ignominiosissimam

165 1498 369 1562 perfidiae
400 1508 540 1560 atque
577 1497 860 1559 proditionis
893 1497 1125 1543 maculam
1154 1508 1197 1542 et
1222 1508 1383 1543 notam
1409 1498 1559 1543 eidem

164 1575 272 1620 duci
299 1574 692 1636 Burgundionum
717 1574 899 1635 adjecit.
923 1577 1015 1618 Nec
1040 1584 1144 1636 post
1161 1591 1217 1619 ex
1236 1574 1458 1620 omnibus
1482 1591 1560 1620 co-

165 1650 350 1696 natibus
373 1660 417 1695 et
442 1651 621 1712 magnis
644 1649 1037 1712 expeditionibus,
1064 1666 1197 1712 quas,
1223 1651 1327 1695 totis
1350 1661 1561 1696 contrac-

164 1727 219 1770 tis
244 1726 443 1782 viribus,
480 1727 526 1770 in
564 1736 708 1771 terras
739 1725 1024 1770 buitensium
1055 1726 1237 1781 eduxit,
1268 1726 1393 1771 aliud
1418 1743 1560 1787 quam

164 1803 469 1863 ignominiam
501 1811 546 1846 et
574 1802 891 1864 irreparabilia
918 1802 1111 1860 damma,
1151 1819 1295 1864 usque
1326 1803 1383 1847 ad
1414 1813 1560 1847 extre-

166 1896 294 1923 mum
315 1895 452 1923 suum
486 1879 677 1923 exitium
707 1888 751 1922 et
775 1880 1248 1935 consummationem,
1285 1881 1552 1941 reportarit.

168 1958 219 1999 Et
242 1954 333 1999 hoc
361 1971 417 1999 ex
441 1954 512 1999 his
537 1970 639 2016 quae
663 1953 858 2016 posthac
891 1954 1124 2000 narranda
1156 1971 1204 1999 se
1228 1954 1460 2013 offerunt,
1495 1955 1560 1999 lu-

172 2031 398 2076 culentius
422 2029 680 2093 apparebit.

653 2199 987 2242 CAPITULCM
1021 2199 1077 2241 V.

163 2328 316 2370 Qualiter
335 2326 404 2360 dux
431 2326 635 2371 Burgundiae
661 2325 823 2358 adversus
845 2326 1014 2358 §nitenses
1035 2324 1290 2370 expeditionem
1315 2324 1412 2358 duxit
1429 2341 1437 2368 3
1457 2334 1487 2358 et
1514 2325 1557 2359 de

211 2381 319 2425 prima
338 2380 447 2421 clade,
465 2392 565 2424 quam
584 2381 626 2411 ab
647 2381 693 2411 eis
717 2380 883 2424 suscepit;
902 2379 1064 2424 quodque
1081 2392 1140 2412 rex
1157 2380 1369 2412 Francorum
1386 2381 1556 2413 abstinere

210 2449 226 2466 a
243 2434 455 2467 Sum-usibus
473 2433 502 2465 ci
521 2433 702 2465 consilium
721 2433 837 2467 dabat.

228 2556 477 2615 Postquam
512 2552 651 2612 igitur
681 2551 775 2596 dux
810 2552 1108 2612 Burgundiae,
1149 2552 1397 2615 profligato
1437 2551 1556 2596 duce

164 2629 486 2690 lotharingiae,
522 2628 602 2690 qui
637 2644 663 2673 a
695 2643 801 2689 rege
834 2637 945 2672 tunc
976 2627 1104 2674 nulla
1137 2627 1423 2673 defensionis
1447 2644 1557 2690 prae-

160 2705 273 2750 sidia
317 2706 521 2762 invenit,
571 2703 867 2764 Lotharingia
909 2713 954 2748 et
990 2704 1212 2749 comitatu
1261 2703 1556 2763 Validorum·
