1923 3020
308 214 381 248 128
664 210 1001 245 HISTORIARUM
1030 208 1263 244 LUDOVICI
1291 209 1347 244 XI

307 315 496 360 magum
521 305 661 341 noctu
688 294 903 349 advenit,
940 292 1122 337 civibus
1149 291 1263 336 nihil
1296 292 1355 336 de
1382 292 1526 354 ipsius
1563 293 1709 340 inten-

307 376 436 420 tione
469 382 515 417 et
546 370 745 416 civitatis
780 368 1023 414 deditione
1059 367 1328 413 scientibus.
1367 370 1474 423 Quo
1502 383 1610 412 cum
1636 386 1710 415 ve-

307 452 470 505 nisset,
502 447 562 493 ad
596 464 698 492 eam
730 457 912 510 partem
937 462 1031 509 qua
1053 445 1112 490 de
1141 454 1293 490 castro
1318 454 1443 508 patet
1476 445 1624 490 exitus
1650 445 1709 491 ad

306 540 523 587 campOS,
550 540 634 587 per
658 523 873 587 praefatos
899 521 1213 567 patriarcham
1239 531 1284 566 et
1308 521 1561 566 Dominam
1586 538 1712 568 suos·

305 619 396 665 que
414 610 736 656 assectatores,
759 600 805 645 in
823 616 977 645 arcem
998 616 1077 643 seu
1094 609 1320 657 castrum,
1342 615 1489 662 prope
1505 598 1709 645 mediam

305 690 494 725 noctem
512 716 523 738 ,
550 678 722 723 exstitit
745 694 854 722 cum
870 693 954 721 suo
979 676 1273 721 intromissus
1296 675 1524 721 comitatu
1542 679 1569 719 ¹.
1591 678 1708 721 Cum

305 768 463 802 autem
487 756 630 819 paulo
658 765 792 819 post,
827 753 1100 815 hujusmodi
1126 754 1360 815 ingressus
1382 762 1428 798 et
1451 753 1592 798 totius
1616 753 1709 798 sac-

306 834 445 879 tionis
471 849 631 878 rumor
658 849 741 895 per
765 840 911 876 totam
936 840 1144 875 curreret
1167 830 1426 887 civitatem,
1466 840 1710 892 coeperunt

306 910 355 955 hi
388 911 468 972 qui
503 910 550 954 in
588 918 740 954 castro
783 917 912 953 erant
945 924 1055 952 cum
1095 906 1330 968 aliquibus
1364 908 1488 952 notis
1529 906 1707 952 civibus

306 997 453 1033 totam
490 1002 657 1032 eorum
697 985 1007 1030 intentionem
1053 984 1235 1047 aperire
1277 993 1416 1045 atque
1463 984 1704 1046 detegere,

306 1064 556 1109 suadentes
576 1072 806 1125 quatenus
831 1063 983 1125 ipsum
1005 1060 1252 1106 dominum
1273 1060 1516 1117 Carolum,
1538 1062 1582 1106 in
1604 1079 1703 1125 per-

307 1159 421 1186 sona
454 1139 628 1203 praisati
664 1139 797 1183 ducis
826 1137 1071 1195 Borbonii,
1107 1137 1151 1181 in
1179 1136 1348 1181 ducem
1384 1146 1521 1199 atque
1557 1137 1709 1184 domi-

308 1236 421 1264 num
446 1217 638 1282 pacifice
660 1216 894 1278 suscipere
921 1214 1120 1271 vellent;
1148 1214 1226 1276 qui
1254 1214 1318 1258 eis
1342 1213 1457 1259 nihil
1477 1215 1709 1260 violentiae

308 1305 387 1340 aut
411 1295 616 1356 injuriae,
649 1292 726 1337 ubi
753 1292 950 1336 libentes
974 1300 1217 1353 parerent,
1248 1289 1385 1335 vellet
1406 1290 1572 1336 inferre
1589 1328 1599 1346 ,
1627 1291 1706 1336 sed

309 1372 468 1416 onmia
490 1368 794 1415 humanitatis
824 1377 868 1413 et
901 1366 1241 1412 benevolentiae
1277 1366 1427 1412 officia
1461 1366 1703 1427 exhibere3

309 1448 389 1493 ubi
414 1458 567 1493 autem
594 1457 689 1490 tam
713 1445 918 1502 honuni,
948 1454 1044 1489 tani
1072 1444 1202 1507 pium
1224 1454 1363 1506 atque
1382 1444 1559 1505 justum
1587 1446 1708 1508 prin-

310 1525 487 1587 cipem,
518 1524 582 1569 eis
616 1539 724 1568 cum
763 1522 894 1566 omni
921 1521 1208 1583 benignitate
1238 1521 1444 1583 legitime
1476 1522 1706 1585 imperare

310 1602 599 1657 venientem,
655 1599 834 1645 nollent
871 1599 1124 1662 spontanei
1176 1600 1409 1663 recipere,
1452 1599 1623 1645 scirent
1661 1616 1708 1644 se

309 1678 449 1723 armis
483 1677 656 1721 inritos
691 1675 749 1721 acl
781 1675 856 1735 id,
903 1692 1000 1720 non
1040 1674 1218 1738 absque
1256 1691 1421 1721 eorum
1457 1675 1633 1722 damno
1668 1685 1712 1720 et

305 1756 511 1816 jactura,
537 1755 754 1817 protinus
780 1753 877 1798 sore
900 1752 1157 1815 cogendos.

374 1834 488 1887 Qua·
512 1830 654 1876 verba
678 1847 788 1875 cum
812 1830 1028 1875 omnium
1046 1846 1178 1892 paene
1196 1830 1350 1875 statim
1374 1829 1547 1875 civium
1570 1828 1712 1875 deve-

310 1910 485 1954 nissent
523 1908 580 1954 ad
617 1925 781 1965 aures,
816 1924 913 1952 sese
953 1907 1013 1952 ad
1044 1906 1240 1951 domum
1280 1906 1592 1964 consulatus²,
1630 1907 1711 1968 qui

311 1986 485 2030 caeteris
519 1985 678 2047 aliquo
719 1984 916 2030 honoris
959 1983 1104 2045 gradu
1144 1983 1438 2029 honestiores
1473 1982 1714 2028 duceban-

314 2070 414 2119 tur,
458 2062 612 2107 statim
659 2070 914 2123 coegerunt
950 2078 1037 2123 pro
1076 2060 1274 2107 consilio
1322 2060 1569 2124 capiendo.
1622 2060 1714 2115 Qui

313 2154 419 2181 cuin
469 2139 670 2183 invicem
705 2137 887 2182 collecti
929 2154 1129 2200 praesens
1176 2137 1470 2182 intuerentur
1503 2136 1628 2181 exitii
1669 2146 1713 2181 et

314 2213 478 2276 praedae
510 2215 796 2277 periculum,
832 2214 868 2258 si
899 2214 1056 2259 oblata
1079 2214 1381 2278 respuissent,
1409 2213 1547 2258 simul
1573 2213 1713 2258 etiam

314 2289 443 2351 qnod
490 2290 587 2352 ipse
628 2290 846 2335 Borbonii
884 2290 1007 2349 dux,
1052 2301 1145 2336 tani
1185 2308 1272 2335 suo
1323 2307 1465 2353 quam
1513 2289 1713 2335 aliorum

314 2366 580 2429 principum
615 2368 836 2425 nomine,
874 2368 1032 2412 multis
1069 2367 1368 2412 sacramentis
1407 2365 1715 2430 pollicebatur

314 2443 404 2501 eis,
447 2460 593 2505 usque
625 2444 683 2488 ad
723 2455 983 2490 extremum
1019 2446 1148 2490 necis
1180 2462 1272 2491 suae
1301 2444 1592 2508 pericnlum,
1634 2460 1714 2488 eos

370 2628 405 2661 «1.
439 2627 542 2661 Dans
563 2625 596 2661 la
617 2625 698 2660 nuit
718 2623 767 2660 du
793 2626 839 2659 27
863 2638 909 2661 au
931 2628 980 2661 :28
1000 2625 1212 2675 septembre
1235 2630 1349 2664 1465.

370 2686 407 2720 2.
439 2683 584 2720 L‘hotel
609 2683 654 2719 de
676 2683 777 2719 ville.
