1923 3020
255 217 276 251 8
617 211 957 252 HISTORIARUM
986 210 1220 249 LUDOVICI
1246 211 1300 247 XI

254 299 652 366 negotiationibus
685 299 894 345 honestis
932 315 1011 344 seu
1048 298 1141 343 suis
1181 296 1389 342 contenti
1430 296 1654 358 patrimo-

255 381 358 435 niis,
386 378 529 423 vitam
554 378 710 439 quiete
733 386 778 421 et
802 375 1068 436 tranquille,
1093 373 1270 435 absque
1288 372 1444 435 aliquo
1468 387 1658 436 prorsus

255 456 411 504 officio
441 454 648 519 publico,
672 453 975 518 peregissent.
1000 452 1114 495 Mira
1144 451 1322 514 quippe
1346 450 1404 496 ad
1430 450 1507 496 illa
1535 448 1656 494 obti-

254 532 410 583 nenda
442 530 700 578 ambitione
734 528 970 575 innumeri
1008 528 1100 573 fere
1136 527 1421 573 serebantur.
1459 529 1659 572 Fuerant

256 625 461 672 namque
493 607 580 652 sub
611 622 716 668 rege
753 605 976 650 defuncto
1002 620 1166 649 omnes
1188 620 1319 667 paene
1343 602 1552 648 officiarii
1578 619 1660 666 per

256 695 410 732 toturn
436 700 632 747 regnum
658 682 975 728 communiter
1009 681 1117 725 satis
1140 680 1268 726 ditati
1294 689 1338 725 et
1359 679 1654 743 locupletati,

256 763 407 809 laxata
444 761 645 806 nimium
683 758 833 823 (proh
870 757 1035 818 dolor)
1073 766 1213 819 atque
1247 757 1312 801 eis
1355 757 1577 820 permissa
1616 756 1659 800 in

258 855 490 905 pauperes
508 837 766 900 regnicolas
784 834 1022 899 praedandi
1045 844 1090 880 et
1109 834 1443 879 concussiones
1464 833 1661 880 faciendi

258 917 459 982 plurima
477 914 704 960 libertate.
727 916 842 969 Quae
862 928 933 957 res
952 911 1167 956 affectum
1187 910 1391 973 plurium
1412 909 1658 964 alliciebat,

259 1004 359 1040 tum
396 1002 600 1056 quaestus
636 1001 736 1036 tum
770 989 968 1034 lionoris
1001 997 1141 1049 alque
1174 987 1463 1033 auctoritatis
1489 987 1659 1049 gratia,

261 1070 320 1118 ad
343 1068 616 1131 hujusmodi
650 1066 803 1112 officia
835 1064 1117 1128 appetenda.
1155 1066 1270 1119 Qua*
1299 1063 1437 1109 etiam
1461 1064 1541 1127 qui
1560 1081 1662 1128 per-

262 1157 370 1194 ante
396 1146 673 1201 tenuissent,
704 1142 823 1188 adeo
849 1158 896 1186 se
927 1151 1176 1204 propterea
1200 1140 1258 1185 de
1280 1150 1398 1186 statu
1424 1157 1508 1186 suo
1543 1157 1663 1187 asse—

263 1233 476 1280 curatos‚
506 1220 665 1284 quoad
688 1220 924 1276 viverent,
952 1227 1168 1281 reputare
1203 1217 1325 1262 soliti
1362 1227 1515 1276 erant,
1542 1233 1595 1263 ac
1629 1217 1663 1262 si

263 1300 378 1347 tanti
403 1314 572 1344 census
589 1297 734 1342 annui
759 1295 1045 1359 patrimonia
1067 1294 1396 1358 possedissent.

736 1519 1072 1564 CAPITULUM
1116 1520 1191 1563 ΙΙΙ.

264 1650 454 1696 Quomodo
484 1650 547 1685 suit
571 1651 688 1685 Remis
713 1651 875 1685 inunctus
901 1651 937 1685 in
965 1665 1100 1698 regem3
1134 1660 1166 1685 et
1190 1650 1234 1684 de
1263 1651 1492 1697 promissione
1515 1650 1669 1696 ejusdem

311 1703 354 1738 de
373 1702 590 1738 sublevando
609 1716 754 1749 regnum
780 1704 823 1737 ab
842 1705 1006 1738 oneribus
1032 1704 1204 1739 talliarum
1229 1713 1259 1737 et
1284 1704 1427 1737 aliarum
1453 1703 1669 1738 exactionum

313 1757 527 1791 currentium
544 1756 579 1789 in
596 1768 716 1801 regno.

335 1876 576 1939 Exsequiis
608 1876 764 1939 itaque
791 1892 877 1940 pro
906 1877 1049 1940 patris
1079 1877 1237 1936 obitu,
1267 1886 1316 1923 ut
1337 1876 1667 1941 praemisimus,

270 1954 484 2018 peractis,
504 1953 564 1999 ad
588 1952 757 1999 urbem
784 1955 1038 1998 Remorum
1058 1954 1319 2013 contendit,
1344 1969 1512 2015 magna
1535 1951 1671 1997 nobi-

270 2031 384 2077 lium
403 2029 628 2094 [caterva]
647 2041 739 2076 tam
759 2047 813 2076 ex
834 2032 964 2076 terris
980 2031 1371 2092 Burgundionum
1386 2030 1516 2076 ducis
1530 2045 1671 2091 quam

269 2108 409 2153 etiam
433 2107 492 2153 de
516 2124 678 2169 regno,
702 2108 850 2171 copiis
874 2107 1015 2153 etiam
1041 2108 1320 2154 militaribus
1348 2117 1392 2153 et
1424 2108 1673 2153 innumera

272 2200 404 2248 paene
424 2184 578 2229 officia
598 2185 985 2247 prosequentium
1005 2185 1305 2230 multitudine
1324 2185 1586 2230 comitatus.
1609 2184 1673 2229 Ad

271 2276 412 2324 quam
442 2259 607 2304 urbem
635 2260 888 2318 accedens,
926 2261 973 2305 in
1005 2262 1291 2306 monasterio
1329 2259 1674 2305 monachorum

275 2337 420 2383 sancti
445 2334 724 2380 Tlicodorici
745 2339 780 2392 ¹,
811 2346 939 2382 extra
966 2354 1127 2382 muros
1161 2337 1312 2394 urbis,
1339 2337 1492 2400 primo
1517 2336 1677 2400 hospi-

276 2421 396 2458 tatus
422 2411 521 2455 suit.
551 2413 602 2454 ln
626 2411 782 2471 vigilia
805 2422 962 2457 autem
979 2414 1311 2476 assumptionis
1330 2416 1475 2458 Beatae
1495 2413 1647 2458 Mariae
1668 2413 1681 2434 '

278 2489 445 2536 urbem
477 2488 711 2548 ingressus
734 2497 816 2532 est.
847 2491 1060 2534 Crastino
1086 2491 1213 2535 enim
1238 2490 1337 2548 die,
1364 2490 1480 2535 festo
1508 2489 1679 2536 scilicet

334 2638 366 2673 1.
401 2633 592 2682 L’abbaye
613 2633 658 2670 de
682 2632 981 2681 Saint-Thierry.

333 2699 371 2733 2.
405 2697 453 2732 14
475 2696 564 2732 τιούκ
583 2696 699 2730 1461.
