1923 3020
342 292 414 327 394
700 291 924 327 HISTORIA
931 291 1039 326 RUM
1067 292 1300 328 LUDOVICI
1329 293 1384 327 XI

338 381 414 425 cui
441 380 628 425 difficile
657 388 768 423 tunc
798 378 844 422 in
879 387 975 424 tota
1003 378 1151 424 Gallia
1174 378 1341 441 aliquis
1373 396 1427 425 ex
1456 379 1734 445 illustribus,

339 472 432 501 non
462 454 606 499 modo
624 454 854 518 superior,
884 454 965 500 sed
989 471 1074 500 nec
1095 455 1134 500 ei
1159 455 1205 500 in
1232 454 1466 518 probitate
1493 458 1741 505 conferen-

338 532 447 587 dus,
471 529 624 587 facile,
646 531 888 576 communi
912 531 1166 576 hominum
1190 532 1517 589 aestimatione,
1539 534 1740 581 inveniri

335 607 582 671 potuisset.
624 610 780 670 ipsum
815 608 935 669 regis
969 607 1147 669 legatus
1179 625 1288 653 cum
1317 610 1520 655 exercitu
1555 620 1658 657 astu
1696 622 1741 659 et

335 683 448 729 dolo
471 683 612 740 malo,
645 684 793 744 falsis,
821 694 871 730 ut
901 685 1023 730 fama.
1049 694 1169 743 erat,
1200 685 1619 749 pollicitationibus
1642 689 1743 752 pel-

334 760 510 806 lectum
535 770 579 806 ct
599 770 772 806 temere
792 760 1035 819 delusum,
1063 762 1111 806 in
1135 778 1268 807 suam
1285 799 1295 819 ,
1323 763 1425 826 ipso
1446 781 1494 810 se
1518 764 1737 826 dedente,

335 838 509 901 recepit
538 848 844 902 potestatem,
872 855 1072 901 suasque
1107 855 1235 885 arces
1265 849 1310 885 et
1346 850 1496 887 castra
1533 842 1738 907 direpta,

335 924 379 959 et
402 914 564 968 bonis,
591 914 764 977 quibus
788 915 978 961 abunde
1003 925 1046 960 ct
1068 916 1313 976 insigniter
1336 917 1563 965 instructa
1583 929 1737 978 erant,

335 991 510 1036 nudata
530 991 591 1037 ad
613 1008 807 1037 manum
831 1001 876 1037 et
896 992 1063 1037 fiscum
1084 993 1263 1054 regium
1290 995 1465 1056 posuit.

399 1069 541 1125 Quod
571 1087 681 1115 cum
714 1086 793 1115 rex
822 1079 1120 1133 compertum
1154 1070 1378 1129 liaberet,
1407 1072 1487 1132 qui
1518 1072 1741 1119 eumdem

334 1145 522 1203 ducem,
545 1146 607 1192 ob
631 1147 950 1209 suspicionem
972 1145 1180 1208 perfidiae
1197 1155 1241 1190 et
1264 1146 1589 1208 proditionum
1605 1149 1741 1196 valde

335 1238 359 1267 a
400 1222 548 1268 multo
582 1223 680 1284 jam
720 1233 933 1286 tempore
976 1221 1183 1267 babebat
1220 1238 1444 1280 exosum,
1490 1222 1579 1268 sub
1612 1224 1741 1272 bona

334 1298 549 1344 custodia
573 1316 682 1344 eum
710 1299 904 1343 Parisios
939 1297 1218 1354 transmisit,
1248 1306 1298 1342 ut
1325 1297 1418 1343 illic
1445 1307 1609 1345 contra
1633 1315 1740 1345 eum

333 1392 578 1438 processus
596 1392 736 1438 super
758 1374 1053 1434 criminibus,
1082 1373 1140 1420 de
1160 1373 1332 1436 quibus
1349 1374 1529 1420 delatus
1552 1391 1741 1439 suspec-

333 1462 504 1514 tusque
540 1451 729 1497 habitus
754 1451 925 1509 fuerat,
960 1452 1007 1496 in
1045 1451 1176 1496 curia
1213 1451 1496 1497 Parlamenti
1529 1451 1663 1498 fieret
1696 1463 1743 1499 et

333 1529 610 1586 haberetur3
637 1528 1045 1591 quemadmodum
1071 1528 1381 1592 postmodum
1406 1528 1579 1575 factum
1604 1531 1741 1576 exsti-

334 1607 403 1650 tit.
440 1606 553 1663 Sed,
592 1606 734 1664 heus,
772 1605 894 1669 proh
934 1603 1098 1651 dolor!
1141 1622 1243 1668 quae
1281 1622 1385 1669 spes
1401 1642 1412 1664 ,
1445 1615 1545 1651 esto
1580 1607 1742 1653 insons

335 1684 521 1746 penitus
543 1683 723 1742 suisset,
754 1684 796 1728 ei
821 1699 1063 1745 superesse
1082 1692 1268 1746 poterat
1291 1682 1637 1745 consequendae
1656 1684 1741 1730 ab·

332 1761 580 1806 solutionis
605 1777 629 1805 a
655 1761 851 1805 crimine
871 1797 881 1817 ,
906 1760 1037 1822 cujus
1057 1760 1152 1823 jam
1178 1769 1222 1805 et
1243 1759 1371 1805 bona
1393 1759 1577 1823 direpta
1601 1770 1741 1822 atque

333 1854 525 1901 prorsus
548 1837 770 1901 adempta
795 1838 997 1893 fuerant,
1024 1847 1070 1883 et
1090 1837 1163 1899 (ut
1185 1837 1465 1900 plerumque
1488 1836 1589 1883 fieri
1613 1837 1740 1901 apud

333 1932 463 1977 reges
482 1919 772 1960 Francorum
788 1925 831 1960 et
850 1915 1023 1960 similes
1043 1925 1268 1977 tyrannos
1290 1914 1427 1976 solet)
1445 1914 1543 1976 jam
1565 1914 1741 1961 donata

335 1994 475 2038 etiam
499 1993 631 2056 ipsis¹
651 1992 805 2038 forsan
830 1992 1136 2050 delatoribus,
1154 1993 1451 2054 nequissimis
1473 2002 1518 2038 et
1538 1992 1739 2055 rapacis-

334 2070 461 2115 simis
497 2070 691 2115 canibus
727 2070 973 2133 palatini53
1011 2069 1092 2115 sed
1123 2079 1197 2128 et,
1233 2069 1363 2131 quod
1400 2068 1550 2114 multo
1576 2068 1740 2114 durius

335 2156 380 2190 et
401 2147 566 2208 majori
590 2146 854 2208 subjectum
879 2156 978 2191 erat
1002 2145 1236 2210 periculo,
1273 2146 1411 2191 etiam
1436 2161 1542 2202 rex,
1575 2144 1636 2190 ad
1659 2161 1740 2190 cu·

330 2221 406 2283 jus
427 2223 632 2269 tribunal
657 2222 944 2285 judicandus
977 2223 1240 2282 sistebatur,
1268 2239 1400 2278 eum,
1429 2237 1568 2285 supra
1597 2237 1741 2284 quam

336 2298 468 2343 facilc
498 2299 589 2344 dici
615 2310 793 2363 potest,
827 2317 1023 2346 exosum
1052 2298 1271 2345 haberet!
1311 2298 1494 2355 Quibus
1518 2298 1740 2343 omnibus

337 2384 774 2440 quantumcumque
792 2377 876 2422 viri
895 2377 1175 2422 innocentiae
1197 2375 1651 2440 p1·aejudicantibus²,
1669 2390 1740 2420 ve-

338 2452 421 2497 luti
443 2452 541 2513 jam
564 2454 911 2514 praedamnatus
933 2463 977 2499 et
995 2453 1226 2517 supplicio
1250 2453 1465 2499 addictus
1485 2469 1510 2498 a
1530 2450 1740 2515 quolibet

340 2544 473 2590 aequo
497 2545 653 2574 rerum
678 2531 994 2592 ponderatore
1011 2531 1166 2594 potuit
1187 2530 1420 2576 aestimari.
1450 2533 1544 2576 Nec
1566 2528 1614 2575 id
1630 2543 1739 2592 pro·

398 2719 431 2747 1.
468 2711 589 2747 Plutot
613 2713 741 2758 ipsius.

398 2774 433 2804 ¹2.
466 2772 712 2816 Praejudicatn
734 2769 825 2806 dans
847 2770 879 2805 le
904 2783 971 2807 ms.
