1923 3020
244 280 319 314 4224
601 277 940 314 HISTORIARUM
969 276 1200 312 LUDOVICI
1228 277 1285 311 XI

704 456 1041 500 CAPITULUM
1081 458 1178 500 XV.

483 585 619 627 Quibus
637 586 793 619 moribus
809 586 894 620 vixit
911 585 1055 620 Carolus
1067 613 1076 631 ,
1094 586 1165 620 dux
1181 588 1401 633 Burgundiae.

310 703 443 747 [uitio
472 713 627 749 autem
659 722 753 767 quo
782 706 1012 769 imperare
1041 706 1206 768 coepit,
1238 716 1369 769 patre
1393 707 1641 762 defuncto,

245 778 511 824 modestum
548 797 595 825 se
634 782 743 826 satis
787 791 831 827 et
876 783 1142 845 principatu
1181 782 1374 844 dignum
1421 783 1641 829 ostendit.

245 856 522 918 Priusquam
543 857 694 914 enim,
722 867 862 921 rupto
888 858 1082 918 foedere,
1109 875 1190 903 rex
1213 858 1299 903 sibi
1325 859 1578 905 Ambianos
1602 868 1647 904 et.

243 934 774 989 Sanctum—Quintinum
805 935 1122 981 Viromandiae
1160 934 1463 992 abstulissev,
1505 935 1648 980 cultui

237 1009 426 1070 justitia*¹
449 1010 558 1055 satis
578 1010 765 1056 deditus
784 1021 898 1056 erat.
926 1011 1060 1056 Unde
1081 1011 1140 1056 de
1162 1012 1294 1057 terris
1317 1011 1405 1056 illis
1429 1011 1649 1057 Picardia‘

243 1095 286 1131 et
303 1085 532 1131 Flandriae
549 1088 799 1149 pessimam
818 1087 1001 1132 illarum
1025 1087 1415 1133 consuetudinem
1441 1089 1647 1133 civilium

244 1163 365 1207 inter
396 1162 512 1207 duas
546 1162 761 1226 pluresve
805 1164 1001 1209 familias
1048 1178 1314 1226 pugnarum
1361 1163 1574 1209 cohibuit
1605 1174 1651 1209 et

246 1238 503 1296 restrinxi13
532 1254 619 1283 nec
642 1254 930 1300 quemquam
954 1237 1185 1283 nobilium
1209 1238 1255 1282 in
1281 1237 1449 1295 alium,
1476 1249 1556 1284 aut
1579 1240 1650 1284 in-

248 1314 428 1359 ferioris
462 1314 601 1359 etiam
640 1324 785 1359 status
825 1330 1173 1376 quemcumque
1215 1314 1458 1359 hominem
1498 1314 1650 1377 (quod

249 1393 418 1454 passim
454 1393 676 1438 anteactis
698 1392 993 1455 temporibus
1018 1392 1096 1438 diu
1122 1402 1360 1439 assuetum
1385 1392 1554 1454 suerat)
1580 1394 1653 1439 via

251 1471 355 1515 sacti
390 1470 652 1531 quidquam
675 1486 952 1532 praesumere
975 1486 1056 1515 seu
1081 1479 1311 1515 attentare
1334 1469 1527 1533 impune
1550 1486 1653 1532 per—

252 1547 390 1590 misit.

312 1621 518 1666 Tenebat
545 1631 657 1666 tunc
684 1622 863 1667 curiam
890 1621 1127 1685 publicam
1154 1622 1227 1668 bis
1251 1631 1332 1668 aut
1358 1632 1426 1668 ter
1448 1620 1655 1684 qualibet

252 1697 553 1743 hebdomada
573 1698 618 1741 in
648 1697 821 1760 palatio
849 1715 958 1756 suo,
989 1699 1034 1743 in
1062 1715 1155 1761 qua
1181 1715 1344 1744 omnes
1368 1713 1587 1762 proceres
1610 1707 1656 1742 et

249 1774 434 1819 nobiles
460 1774 630 1819 domus
654 1791 747 1819 suae
772 1775 974 1821 assidere
999 1775 1272 1838 oportebat,
1300 1775 1381 1820 ubi
1408 1772 1652 1832 omnibus,

247 1851 628 1913 quibuscumque
651 1860 696 1895 et
720 1852 1053 1915 undecumque
1075 1862 1243 1907 essent,
1267 1851 1452 1897 licentia
1475 1860 1657 1914 praesta-

248 1928 389 1973 batur
408 1928 666 1973 accedendi
686 1929 745 1973 ad
766 1930 1027 1993 principem
1048 1940 1092 1975 et
1117 1929 1325 1975 libellum
1345 1945 1537 1992 precum
1559 1943 1656 1972 sua·

251 2021 355 2048 rum.
373 2004 525 2050 eidem
543 2005 771 2050 offerendi
792 2023 800 2050 ε
820 2005 880 2050 ad
895 2022 1034 2067 quem
1050 2023 1134 2069 per
1153 2006 1482 2053 cancellarium
1499 2019 1653 2059 suum,

250 2082 320 2125 vel
348 2081 553 2143 aliquem
583 2081 642 2126 de
668 2081 865 2126 consilio
890 2099 1039 2145 prope
1062 2082 1378 2138 assistentem,
1411 2080 1535 2125 illico
1562 2096 1657 2125 res-

252 2158 535 2219 ponsionem
561 2157 760 2203 adscribi
788 2158 1000 2204 faciebat.

318 2232 525 2277 Moribus
548 2234 688 2278 etiam
712 2234 874 2297 probis
897 2244 943 2279 et
965 2234 1174 2280 honestis
1196 2245 1306 2280 tunc
1326 2242 1439 2278 erat.
1469 2230 1660 2278 Fereba-

251 2317 327 2351 tur
351 2308 476 2351 enim
502 2318 595 2353 tam
620 2326 718 2355 esse
741 2320 912 2368 castus,
939 2321 988 2356 ut
1014 2311 1191 2356 nullam
1214 2310 1470 2366 soeminam,
1494 2317 1660 2371 praeter

249 2384 502 2446 conjugem
528 2388 792 2448 propriam,
823 2403 1109 2448 cognoscere
1132 2387 1204 2432 vel
1229 2388 1269 2432 ei
1293 2386 1541 2431 adhinnire
1564 2383 1659 2430 vel-

248 2461 338 2517 let3
382 2461 510 2522 quod
540 2464 752 2508 nonnulli
788 2465 926 2509 variis
952 2474 997 2509 et
1030 2464 1356 2509 disserentibus
1390 2464 1473 2509 viis
1506 2463 1553 2507 in
1592 2461 1658 2505 vi-

251 2537 368 2582 tium
401 2537 749 2599 detorquebant
778 2558 785 2583 :
821 2541 964 2585 livore
999 2542 1306 2586 verisimiliter
1331 2551 1407 2586 aut
1435 2540 1563 2596 odio,
1587 2537 1659 2583 vel

248 2615 434 2660 levitate
456 2615 628 2677 potius,
653 2632 795 2676 quani
821 2619 1021 2663 veritatis
1045 2635 1222 2664 amore.
1252 2617 1463 2664 Habebat
1490 2630 1658 2677 nempe

304 2733 339 2768 1.
379 2735 499 2768 Avant
522 2735 632 2769 1471.
