<?xml version="1.0" encoding="UTF-8"?>
<!DOCTYPE html PUBLIC "-//W3C//DTD XHTML 1.0 Transitional//EN"
    "http://www.w3.org/TR/xhtml1/DTD/xhtml1-transitional.dtd">
<html xmlns="http://www.w3.org/1999/xhtml" xml:lang="en" lang="en">
 <head>
  <title>
</title>
<meta http-equiv="Content-Type" content="text/html;charset=utf-8" />
  <meta name='ocr-system' content='tesseract 3.04.00' />
  <meta name='ocr-capabilities' content='ocr_page ocr_carea ocr_par ocr_line ocrx_word'/>
</head>
<body>
  <div class='ocr_page' id='page_1' title='image "./histoiredesrgn02basi_0229.png"; bbox 0 0 1923 3020; ppageno 0'>
   <div class='ocr_carea' id='block_1_1' title="bbox 719 258 1638 318">
    <p class='ocr_par' dir='ltr' id='par_1_1' title="bbox 719 258 1638 318">
     <span class='ocr_line' id='line_1_1' title="bbox 719 258 1638 318; baseline -0.001 -1"><span class='ocrx_word' id='word_1_1' title='bbox 719 258 864 318; x_wconf 65' lang='lat' dir='ltr'><strong>mima</strong></span> <span class='ocrx_word' id='word_1_2' title='bbox 893 280 1155 318; x_wconf 72' lang='lat' dir='ltr'>SECUNDUS.</span> <span class='ocrx_word' id='word_1_3' title='bbox 1564 281 1638 316; x_wconf 78' lang='lat'><strong>¹49</strong></span> 
     </span>
    </p>
   </div>
   <div class='ocr_carea' id='block_1_2' title="bbox 211 366 1640 2661">
    <p class='ocr_par' dir='ltr' id='par_1_2' title="bbox 222 366 1640 1505">
     <span class='ocr_line' id='line_1_2' title="bbox 236 366 1638 434; baseline -0.002 -18"><span class='ocrx_word' id='word_1_4' title='bbox 236 386 323 434; x_wconf 90' lang='lat' dir='ltr'><strong>pro</strong></span> <span class='ocrx_word' id='word_1_5' title='bbox 359 370 532 433; x_wconf 88' lang='lat' dir='ltr'><strong>quibus</strong></span> <span class='ocrx_word' id='word_1_6' title='bbox 563 369 737 425; x_wconf 90' lang='lat' dir='ltr'><strong>etiam,</strong></span> <span class='ocrx_word' id='word_1_7' title='bbox 780 367 839 414; x_wconf 86' lang='lat' dir='ltr'><strong>ad</strong></span> <span class='ocrx_word' id='word_1_8' title='bbox 877 370 1005 414; x_wconf 90' lang='lat' dir='ltr'><strong>eam¹</strong></span> <span class='ocrx_word' id='word_1_9' title='bbox 1043 367 1183 430; x_wconf 84' lang='lat' dir='ltr'>digne</span> <span class='ocrx_word' id='word_1_10' title='bbox 1223 366 1550 424; x_wconf 86' lang='lat' dir='ltr'><strong>referendam,</strong></span> <span class='ocrx_word' id='word_1_11' title='bbox 1590 383 1638 413; x_wconf 90' lang='lat' dir='ltr'><strong>se</strong></span> 
     </span>
     <span class='ocr_line' id='line_1_3' title="bbox 236 444 1640 508; baseline -0.003 -15"><span class='ocrx_word' id='word_1_12' title='bbox 236 448 392 494; x_wconf 86' lang='lat' dir='ltr'><strong>minus</strong></span> <span class='ocrx_word' id='word_1_13' title='bbox 417 447 698 493; x_wconf 83' lang='lat' dir='ltr'><strong>sufficientes</strong></span> <span class='ocrx_word' id='word_1_14' title='bbox 728 445 998 491; x_wconf 77' lang='lat' dir='ltr'><strong>ducebant?</strong></span> <span class='ocrx_word' id='word_1_15' title='bbox 1038 446 1153 501; x_wconf 87' lang='lat' dir='ltr'><strong>Quis</strong></span> <span class='ocrx_word' id='word_1_16' title='bbox 1173 482 1183 501; x_wconf 88' lang='lat'><em>‚</em></span> <span class='ocrx_word' id='word_1_17' title='bbox 1223 446 1444 508; x_wconf 87' lang='lat' dir='ltr'><strong>inquam,</strong></span> <span class='ocrx_word' id='word_1_18' title='bbox 1483 444 1640 490; x_wconf 83' lang='lat' dir='ltr'><strong>existi-</strong></span> 
     </span>
     <span class='ocr_line' id='line_1_4' title="bbox 234 520 1638 586; baseline -0.002 -18"><span class='ocrx_word' id='word_1_19' title='bbox 234 540 363 569; x_wconf 87' lang='lat' dir='ltr'><strong>mare</strong></span> <span class='ocrx_word' id='word_1_20' title='bbox 395 540 606 585; x_wconf 85' lang='lat' dir='ltr'><strong>unquam</strong></span> <span class='ocrx_word' id='word_1_21' title='bbox 643 532 824 586; x_wconf 84' lang='lat' dir='ltr'><strong>posset,</strong></span> <span class='ocrx_word' id='word_1_22' title='bbox 861 522 991 585; x_wconf 91' lang='lat' dir='ltr'><strong>quod</strong></span> <span class='ocrx_word' id='word_1_23' title='bbox 1020 521 1190 568; x_wconf 88' lang='lat' dir='ltr'><strong>talibus</strong></span> <span class='ocrx_word' id='word_1_24' title='bbox 1215 522 1450 583; x_wconf 88' lang='lat' dir='ltr'><strong>tantisque</strong></span> <span class='ocrx_word' id='word_1_25' title='bbox 1471 520 1638 566; x_wconf 83' lang='lat' dir='ltr'><strong>officiis</strong></span> 
     </span>
     <span class='ocr_line' id='line_1_5' title="bbox 234 596 1639 663; baseline -0.004 -18"><span class='ocrx_word' id='word_1_26' title='bbox 234 610 374 661; x_wconf 81' lang='lat' dir='ltr'><strong>atque</strong></span> <span class='ocrx_word' id='word_1_27' title='bbox 410 599 650 645; x_wconf 85' lang='lat' dir='ltr'><strong>beneficiis</strong></span> <span class='ocrx_word' id='word_1_28' title='bbox 677 599 923 663; x_wconf 70' lang='lat' dir='ltr'><strong>prseveuti‚</strong></span> <span class='ocrx_word' id='word_1_29' title='bbox 959 608 1096 644; x_wconf 81' lang='lat' dir='ltr'><strong>tantae</strong></span> <span class='ocrx_word' id='word_1_30' title='bbox 1131 597 1338 662; x_wconf 61' lang='lat' dir='ltr'><strong>perfidiae</strong></span> <span class='ocrx_word' id='word_1_31' title='bbox 1370 607 1415 642; x_wconf 93' lang='lat' dir='ltr'><strong>et</strong></span> <span class='ocrx_word' id='word_1_32' title='bbox 1450 596 1639 659; x_wconf 85' lang='lat' dir='ltr'><strong>ingrati-</strong></span> 
     </span>
     <span class='ocr_line' id='line_1_6' title="bbox 235 674 1637 734; baseline -0.001 -14"><span class='ocrx_word' id='word_1_33' title='bbox 235 675 437 734; x_wconf 80' lang='lat' dir='ltr'><strong>tudinis,</strong></span> <span class='ocrx_word' id='word_1_34' title='bbox 473 676 569 721; x_wconf 89' lang='lat' dir='ltr'><strong>imo</strong></span> <span class='ocrx_word' id='word_1_35' title='bbox 599 677 857 722; x_wconf 67' lang='lat' dir='ltr'><strong>saevissimze</strong></span> <span class='ocrx_word' id='word_1_36' title='bbox 891 685 936 721; x_wconf 88' lang='lat' dir='ltr'><strong>et</strong></span> <span class='ocrx_word' id='word_1_37' title='bbox 975 675 1308 721; x_wconf 65' lang='lat' dir='ltr'><strong>abominandae</strong></span> <span class='ocrx_word' id='word_1_38' title='bbox 1346 674 1637 720; x_wconf 83' lang='lat' dir='ltr'><strong>crudelitatis</strong></span> 
     </span>
     <span class='ocr_line' id='line_1_7' title="bbox 231 748 1639 814; baseline -0.001 -18"><span class='ocrx_word' id='word_1_39' title='bbox 231 751 382 796; x_wconf 89' lang='lat' dir='ltr'><strong>vicem</strong></span> <span class='ocrx_word' id='word_1_40' title='bbox 420 751 680 814; x_wconf 80' lang='lat' dir='ltr'><strong>rependere</strong></span> <span class='ocrx_word' id='word_1_41' title='bbox 719 748 1013 797; x_wconf 78' lang='lat' dir='ltr'><strong>voluissent?</strong></span> <span class='ocrx_word' id='word_1_42' title='bbox 1049 752 1180 796; x_wconf 88' lang='lat' dir='ltr'><strong>Certe</strong></span> <span class='ocrx_word' id='word_1_43' title='bbox 1210 751 1367 796; x_wconf 89' lang='lat' dir='ltr'><strong>nullus</strong></span> <span class='ocrx_word' id='word_1_44' title='bbox 1402 766 1544 807; x_wconf 83' lang='lat' dir='ltr'><strong>sana,</strong></span> <span class='ocrx_word' id='word_1_45' title='bbox 1587 758 1639 795; x_wconf 92' lang='lat' dir='ltr'><strong>ut</strong></span> 
     </span>
     <span class='ocr_line' id='line_1_8' title="bbox 229 826 1632 888; baseline -0.001 -15"><span class='ocrx_word' id='word_1_46' title='bbox 229 828 495 885; x_wconf 82' lang='lat' dir='ltr'><strong>credimus,</strong></span> <span class='ocrx_word' id='word_1_47' title='bbox 531 839 689 874; x_wconf 82' lang='lat' dir='ltr'><strong>mente</strong></span> <span class='ocrx_word' id='word_1_48' title='bbox 721 829 769 873; x_wconf 88' lang='lat' dir='ltr'><strong>id</strong></span> <span class='ocrx_word' id='word_1_49' title='bbox 798 826 1047 873; x_wconf 74' lang='lat' dir='ltr'><strong>verisimile</strong></span> <span class='ocrx_word' id='word_1_50' title='bbox 1081 843 1294 888; x_wconf 86' lang='lat' dir='ltr'><strong>unquam</strong></span> <span class='ocrx_word' id='word_1_51' title='bbox 1317 827 1632 884; x_wconf 80' lang='lat' dir='ltr'><strong>existimaret,</strong></span> 
     </span>
     <span class='ocr_line' id='line_1_9' title="bbox 229 902 1638 966; baseline -0.001 -16"><span class='ocrx_word' id='word_1_52' title='bbox 229 913 507 966; x_wconf 83' lang='lat' dir='ltr'><strong>tantumque</strong></span> <span class='ocrx_word' id='word_1_53' title='bbox 546 921 571 950; x_wconf 90' lang='lat' dir='ltr'><strong>a</strong></span> <span class='ocrx_word' id='word_1_54' title='bbox 598 922 709 950; x_wconf 72' lang='lat' dir='ltr'><strong>vero</strong></span> <span class='ocrx_word' id='word_1_55' title='bbox 737 904 976 960; x_wconf 86' lang='lat' dir='ltr'><strong>abhorret,</strong></span> <span class='ocrx_word' id='word_1_56' title='bbox 1003 912 1054 948; x_wconf 86' lang='lat' dir='ltr'><strong>ut</strong></span> <span class='ocrx_word' id='word_1_57' title='bbox 1087 902 1243 966; x_wconf 86' lang='lat' dir='ltr'><strong>[aliud</strong></span> <span class='ocrx_word' id='word_1_58' title='bbox 1267 903 1456 962; x_wconf 80' lang='lat' dir='ltr'><strong>credat,</strong></span> <span class='ocrx_word' id='word_1_59' title='bbox 1493 919 1638 966; x_wconf 91' lang='lat' dir='ltr'><strong>quam</strong></span> 
     </span>
     <span class='ocr_line' id='line_1_10' title="bbox 226 980 1635 1045; baseline 0.001 -20"><span class='ocrx_word' id='word_1_60' title='bbox 226 980 389 1044; x_wconf 86' lang='lat' dir='ltr'><strong>quod]</strong></span> <span class='ocrx_word' id='word_1_61' title='bbox 423 982 720 1045; x_wconf 86' lang='lat' dir='ltr'><strong>exploratum</strong></span> <span class='ocrx_word' id='word_1_62' title='bbox 743 981 1118 1042; x_wconf 88' lang='lat' dir='ltr'><strong>solidissimeque</strong></span> <span class='ocrx_word' id='word_1_63' title='bbox 1141 989 1442 1043; x_wconf 88' lang='lat' dir='ltr'><strong>compertum</strong></span> <span class='ocrx_word' id='word_1_64' title='bbox 1464 980 1635 1026; x_wconf 91' lang='lat' dir='ltr'><strong>habui-</strong></span> 
     </span>
     <span class='ocr_line' id='line_1_11' title="bbox 227 1056 1631 1122; baseline 0 -20"><span class='ocrx_word' id='word_1_65' title='bbox 227 1074 330 1103; x_wconf 91' lang='lat' dir='ltr'><strong>mus</strong></span> <span class='ocrx_word' id='word_1_66' title='bbox 345 1061 372 1117; x_wconf 70' lang='lat'><strong>²,</strong></span> <span class='ocrx_word' id='word_1_67' title='bbox 403 1059 517 1104; x_wconf 90' lang='lat' dir='ltr'><strong>nulli</strong></span> <span class='ocrx_word' id='word_1_68' title='bbox 542 1058 763 1122; x_wconf 87' lang='lat' dir='ltr'><strong>[scilicet]</strong></span> <span class='ocrx_word' id='word_1_69' title='bbox 787 1058 1001 1103; x_wconf 89' lang='lat' dir='ltr'><strong>omnium</strong></span> <span class='ocrx_word' id='word_1_70' title='bbox 1030 1056 1299 1102; x_wconf 82' lang='lat' dir='ltr'><strong>mortalium</strong></span> <span class='ocrx_word' id='word_1_71' title='bbox 1328 1057 1600 1120; x_wconf 83' lang='lat' dir='ltr'><strong>principum</strong></span> <span class='ocrx_word' id='word_1_72' title='bbox 1618 1094 1631 1116; x_wconf 80' lang='lat'><strong><em>‚</em></strong></span> 
     </span>
     <span class='ocr_line' id='line_1_12' title="bbox 225 1133 1632 1197; baseline 0.001 -18"><span class='ocrx_word' id='word_1_73' title='bbox 225 1144 331 1197; x_wconf 85' lang='lat' dir='ltr'><strong>post</strong></span> <span class='ocrx_word' id='word_1_74' title='bbox 355 1134 525 1180; x_wconf 88' lang='lat' dir='ltr'><strong>ducem</strong></span> <span class='ocrx_word' id='word_1_75' title='bbox 555 1152 716 1193; x_wconf 82' lang='lat' dir='ltr'><strong>suum,</strong></span> <span class='ocrx_word' id='word_1_76' title='bbox 755 1136 880 1181; x_wconf 82' lang='lat' dir='ltr'><strong>cives</strong></span> <span class='ocrx_word' id='word_1_77' title='bbox 909 1133 1309 1195; x_wconf 81' lang='lat' dir='ltr'><strong>Rothomagenses</strong></span> <span class='ocrx_word' id='word_1_78' title='bbox 1343 1143 1632 1197; x_wconf 81' lang='lat' dir='ltr'><strong>caeterosque</strong></span> 
     </span>
     <span class='ocr_line' id='line_1_13' title="bbox 225 1209 1628 1275; baseline 0 -19"><span class='ocrx_word' id='word_1_79' title='bbox 225 1227 390 1257; x_wconf 88' lang='lat' dir='ltr'><strong>omnes</strong></span> <span class='ocrx_word' id='word_1_80' title='bbox 420 1212 731 1275; x_wconf 83' lang='lat' dir='ltr'><strong>provinciales</strong></span> <span class='ocrx_word' id='word_1_81' title='bbox 757 1212 861 1275; x_wconf 88' lang='lat' dir='ltr'><strong>plus</strong></span> <span class='ocrx_word' id='word_1_82' title='bbox 880 1210 1078 1256; x_wconf 89' lang='lat' dir='ltr'><strong>honoris</strong></span> <span class='ocrx_word' id='word_1_83' title='bbox 1098 1219 1238 1272; x_wconf 87' lang='lat' dir='ltr'><strong>atque</strong></span> <span class='ocrx_word' id='word_1_84' title='bbox 1258 1209 1602 1256; x_wconf 80' lang='lat' dir='ltr'><strong>benevolentiae</strong></span> <span class='ocrx_word' id='word_1_85' title='bbox 1617 1247 1628 1268; x_wconf 92' lang='lat'>‚</span> 
     </span>
     <span class='ocr_line' id='line_1_14' title="bbox 224 1286 1632 1352; baseline 0 -20"><span class='ocrx_word' id='word_1_86' title='bbox 224 1304 368 1350; x_wconf 91' lang='lat' dir='ltr'><strong>quam</strong></span> <span class='ocrx_word' id='word_1_87' title='bbox 394 1298 507 1334; x_wconf 88' lang='lat' dir='ltr'><strong>tunc</strong></span> <span class='ocrx_word' id='word_1_88' title='bbox 531 1289 619 1352; x_wconf 91' lang='lat' dir='ltr'><strong>ipsi</strong></span> <span class='ocrx_word' id='word_1_89' title='bbox 646 1290 892 1334; x_wconf 86' lang='lat' dir='ltr'><strong>Britonum</strong></span> <span class='ocrx_word' id='word_1_90' title='bbox 917 1288 1028 1333; x_wconf 89' lang='lat' dir='ltr'><strong>duci</strong></span> <span class='ocrx_word' id='word_1_91' title='bbox 1062 1288 1078 1349; x_wconf 66' lang='grc' dir='ltr'>ζ</span> <span class='ocrx_word' id='word_1_92' title='bbox 1093 1287 1128 1332; x_wconf 87' lang='lat' dir='ltr'><strong>si</strong></span> <span class='ocrx_word' id='word_1_93' title='bbox 1156 1302 1255 1332; x_wconf 91' lang='lat' dir='ltr'><strong>non</strong></span> <span class='ocrx_word' id='word_1_94' title='bbox 1284 1286 1561 1349; x_wconf 89' lang='lat' dir='ltr'><strong>iniquorum</strong></span> <span class='ocrx_word' id='word_1_95' title='bbox 1586 1296 1632 1332; x_wconf 90' lang='lat' dir='ltr'><strong>et</strong></span> 
     </span>
     <span class='ocr_line' id='line_1_15' title="bbox 222 1365 1629 1428; baseline 0.001 -19"><span class='ocrx_word' id='word_1_96' title='bbox 222 1382 479 1428; x_wconf 78' lang='lat' dir='ltr'><strong>pravorum</strong></span> <span class='ocrx_word' id='word_1_97' title='bbox 496 1366 749 1412; x_wconf 85' lang='lat' dir='ltr'><strong>satellitum</strong></span> <span class='ocrx_word' id='word_1_98' title='bbox 764 1365 1188 1423; x_wconf 83' lang='lat' dir='ltr'><strong>circumventione,</strong></span> <span class='ocrx_word' id='word_1_99' title='bbox 1217 1365 1279 1410; x_wconf 91' lang='lat' dir='ltr'><strong>ita</strong></span> <span class='ocrx_word' id='word_1_100' title='bbox 1297 1380 1324 1410; x_wconf 90' lang='lat' dir='ltr'><strong>a</strong></span> <span class='ocrx_word' id='word_1_101' title='bbox 1346 1373 1477 1409; x_wconf 87' lang='lat' dir='ltr'><strong>recto</strong></span> <span class='ocrx_word' id='word_1_102' title='bbox 1501 1381 1629 1428; x_wconf 85' lang='lat' dir='ltr'><strong>coep-</strong></span> 
     </span>
     <span class='ocr_line' id='line_1_16' title="bbox 222 1441 1298 1505; baseline 0 -18"><span class='ocrx_word' id='word_1_103' title='bbox 222 1451 368 1505; x_wconf 90' lang='lat' dir='ltr'><strong>toque</strong></span> <span class='ocrx_word' id='word_1_104' title='bbox 392 1442 638 1489; x_wconf 85' lang='lat' dir='ltr'><strong>defecisset</strong></span> <span class='ocrx_word' id='word_1_105' title='bbox 661 1443 845 1505; x_wconf 76' lang='lat' dir='ltr'><strong>itinere)</strong></span> <span class='ocrx_word' id='word_1_106' title='bbox 871 1442 1053 1488; x_wconf 86' lang='lat' dir='ltr'><strong>deferre</strong></span> <span class='ocrx_word' id='word_1_107' title='bbox 1074 1441 1298 1487; x_wconf 85' lang='lat' dir='ltr'><strong>voluisse.</strong></span> 
     </span>
    </p>

    <p class='ocr_par' dir='ltr' id='par_1_3' title="bbox 211 1518 1626 2661">
     <span class='ocr_line' id='line_1_17' title="bbox 285 1518 1624 1583; baseline 0.001 -20"><span class='ocrx_word' id='word_1_108' title='bbox 285 1519 376 1564; x_wconf 89' lang='lat' dir='ltr'><strong>Sed</strong></span> <span class='ocrx_word' id='word_1_109' title='bbox 400 1529 444 1565; x_wconf 90' lang='lat' dir='ltr'><strong>et</strong></span> <span class='ocrx_word' id='word_1_110' title='bbox 469 1536 566 1564; x_wconf 89' lang='lat' dir='ltr'><strong>non</strong></span> <span class='ocrx_word' id='word_1_111' title='bbox 589 1536 756 1583; x_wconf 89' lang='lat' dir='ltr'><strong>parum</strong></span> <span class='ocrx_word' id='word_1_112' title='bbox 779 1520 1006 1565; x_wconf 83' lang='lat' dir='ltr'><strong>miramur</strong></span> <span class='ocrx_word' id='word_1_113' title='bbox 1029 1518 1088 1564; x_wconf 92' lang='lat' dir='ltr'><strong>de</strong></span> <span class='ocrx_word' id='word_1_114' title='bbox 1111 1535 1280 1564; x_wconf 90' lang='lat' dir='ltr'><strong>eorum</strong></span> <span class='ocrx_word' id='word_1_115' title='bbox 1303 1518 1624 1564; x_wconf 89' lang='lat' dir='ltr'><strong>inconsidera-</strong></span> 
     </span>
     <span class='ocr_line' id='line_1_18' title="bbox 222 1594 1626 1660; baseline 0.001 -21"><span class='ocrx_word' id='word_1_116' title='bbox 222 1596 350 1641; x_wconf 89' lang='lat' dir='ltr'><strong>tione</strong></span> <span class='ocrx_word' id='word_1_117' title='bbox 370 1596 451 1659; x_wconf 89' lang='lat' dir='ltr'><strong>qui</strong></span> <span class='ocrx_word' id='word_1_118' title='bbox 469 1596 538 1641; x_wconf 89' lang='lat' dir='ltr'><strong>vel</strong></span> <span class='ocrx_word' id='word_1_119' title='bbox 564 1596 670 1642; x_wconf 87' lang='lat' dir='ltr'><strong>talia</strong></span> <span class='ocrx_word' id='word_1_120' title='bbox 690 1596 1036 1660; x_wconf 87' lang='lat' dir='ltr'><strong>improbissime</strong></span> <span class='ocrx_word' id='word_1_121' title='bbox 1050 1595 1340 1659; x_wconf 83' lang='lat' dir='ltr'><strong>confingere,</strong></span> <span class='ocrx_word' id='word_1_122' title='bbox 1362 1595 1436 1641; x_wconf 68' lang='lat' dir='ltr'><strong>vel</strong></span> <span class='ocrx_word' id='word_1_123' title='bbox 1457 1594 1626 1641; x_wconf 86' lang='lat' dir='ltr'><strong>talibus</strong></span> 
     </span>
     <span class='ocr_line' id='line_1_19' title="bbox 221 1671 1621 1736; baseline 0 -20"><span class='ocrx_word' id='word_1_124' title='bbox 221 1672 482 1717; x_wconf 77' lang='lat' dir='ltr'><strong>vanissimis</strong></span> <span class='ocrx_word' id='word_1_125' title='bbox 515 1672 747 1734; x_wconf 82' lang='lat' dir='ltr'><strong>figmentis</strong></span> <span class='ocrx_word' id='word_1_126' title='bbox 770 1671 914 1717; x_wconf 89' lang='lat' dir='ltr'><strong>fidem</strong></span> <span class='ocrx_word' id='word_1_127' title='bbox 938 1674 1303 1718; x_wconf 90' lang='lat' dir='ltr'><strong>accommodare</strong></span> <span class='ocrx_word' id='word_1_128' title='bbox 1334 1681 1621 1736; x_wconf 90' lang='lat' dir='ltr'><strong>potuerunt,</strong></span> 
     </span>
     <span class='ocr_line' id='line_1_20' title="bbox 219 1748 1623 1812; baseline 0.001 -20"><span class='ocrx_word' id='word_1_129' title='bbox 219 1764 357 1804; x_wconf 84' lang='lat' dir='ltr'><strong>cum,</strong></span> <span class='ocrx_word' id='word_1_130' title='bbox 396 1750 561 1812; x_wconf 88' lang='lat' dir='ltr'><strong>procul</strong></span> <span class='ocrx_word' id='word_1_131' title='bbox 598 1749 772 1807; x_wconf 79' lang='lat' dir='ltr'><strong>dubio,</strong></span> <span class='ocrx_word' id='word_1_132' title='bbox 809 1759 959 1795; x_wconf 87' lang='lat' dir='ltr'><strong>tantas</strong></span> <span class='ocrx_word' id='word_1_133' title='bbox 985 1760 1276 1795; x_wconf 86' lang='lat' dir='ltr'><strong>armatorum</strong></span> <span class='ocrx_word' id='word_1_134' title='bbox 1310 1750 1471 1812; x_wconf 88' lang='lat' dir='ltr'><strong>copias</strong></span> <span class='ocrx_word' id='word_1_135' title='bbox 1496 1748 1623 1794; x_wconf 91' lang='lat' dir='ltr'><strong>idem</strong></span> 
     </span>
     <span class='ocr_line' id='line_1_21' title="bbox 218 1824 1622 1890; baseline 0.001 -21"><span class='ocrx_word' id='word_1_136' title='bbox 218 1824 311 1869; x_wconf 77' lang='lat' dir='ltr'><strong>dux</strong></span> <span class='ocrx_word' id='word_1_137' title='bbox 346 1825 504 1871; x_wconf 90' lang='lat' dir='ltr'><strong>adhuc</strong></span> <span class='ocrx_word' id='word_1_138' title='bbox 539 1843 699 1872; x_wconf 87' lang='lat' dir='ltr'><strong>secum</strong></span> <span class='ocrx_word' id='word_1_139' title='bbox 729 1826 949 1884; x_wconf 79' lang='lat' dir='ltr'><strong>haberet,</strong></span> <span class='ocrx_word' id='word_1_140' title='bbox 982 1843 1112 1890; x_wconf 82' lang='lat' dir='ltr'><strong>quae,</strong></span> <span class='ocrx_word' id='word_1_141' title='bbox 1150 1826 1232 1871; x_wconf 90' lang='lat' dir='ltr'><strong>ubi</strong></span> <span class='ocrx_word' id='word_1_142' title='bbox 1266 1826 1359 1871; x_wconf 91' lang='lat' dir='ltr'><strong>hoc</strong></span> <span class='ocrx_word' id='word_1_143' title='bbox 1392 1834 1622 1871; x_wconf 87' lang='lat' dir='ltr'><strong>attentare</strong></span> 
     </span>
     <span class='ocr_line' id='line_1_22' title="bbox 218 1900 1623 1964; baseline 0.002 -20"><span class='ocrx_word' id='word_1_144' title='bbox 218 1900 620 1964; x_wconf 84' lang='lat' dir='ltr'><strong>Rothomagenses</strong></span> <span class='ocrx_word' id='word_1_145' title='bbox 641 1902 924 1961; x_wconf 80' lang='lat' dir='ltr'><strong>voluissent,</strong></span> <span class='ocrx_word' id='word_1_146' title='bbox 951 1920 1049 1949; x_wconf 89' lang='lat' dir='ltr'><strong>non</strong></span> <span class='ocrx_word' id='word_1_147' title='bbox 1074 1903 1221 1948; x_wconf 89' lang='lat' dir='ltr'><strong>modo</strong></span> <span class='ocrx_word' id='word_1_148' title='bbox 1243 1919 1289 1948; x_wconf 92' lang='lat' dir='ltr'><strong>se</strong></span> <span class='ocrx_word' id='word_1_149' title='bbox 1316 1903 1438 1948; x_wconf 90' lang='lat' dir='ltr'><strong>tueri</strong></span> <span class='ocrx_word' id='word_1_150' title='bbox 1459 1918 1486 1948; x_wconf 92' lang='lat' dir='ltr'><strong>a</strong></span> <span class='ocrx_word' id='word_1_151' title='bbox 1510 1903 1623 1948; x_wconf 92' lang='lat' dir='ltr'><strong>civi-</strong></span> 
     </span>
     <span class='ocr_line' id='line_1_23' title="bbox 216 1977 1621 2043; baseline 0.001 -21"><span class='ocrx_word' id='word_1_152' title='bbox 216 1977 332 2037; x_wconf 80' lang='lat' dir='ltr'><strong>bus,</strong></span> <span class='ocrx_word' id='word_1_153' title='bbox 361 1979 445 2024; x_wconf 89' lang='lat' dir='ltr'><strong>sed</strong></span> <span class='ocrx_word' id='word_1_154' title='bbox 473 1980 613 2025; x_wconf 81' lang='lat' dir='ltr'><strong>ctiam</strong></span> <span class='ocrx_word' id='word_1_155' title='bbox 638 1979 832 2039; x_wconf 84' lang='lat' dir='ltr'><strong>urbem,</strong></span> <span class='ocrx_word' id='word_1_156' title='bbox 865 1981 911 2025; x_wconf 89' lang='lat' dir='ltr'><strong>in</strong></span> <span class='ocrx_word' id='word_1_157' title='bbox 938 1997 1083 2043; x_wconf 86' lang='lat' dir='ltr'><strong>quam</strong></span> <span class='ocrx_word' id='word_1_158' title='bbox 1106 1982 1171 2026; x_wconf 85' lang='lat' dir='ltr'><strong>eis</strong></span> <span class='ocrx_word' id='word_1_159' title='bbox 1194 1979 1312 2026; x_wconf 88' lang='lat' dir='ltr'><strong>liber</strong></span> <span class='ocrx_word' id='word_1_160' title='bbox 1334 1979 1524 2043; x_wconf 86' lang='lat' dir='ltr'><strong>patebat</strong></span> <span class='ocrx_word' id='word_1_161' title='bbox 1554 1980 1621 2025; x_wconf 88' lang='lat' dir='ltr'><strong>in-</strong></span> 
     </span>
     <span class='ocr_line' id='line_1_24' title="bbox 215 2055 1622 2119; baseline 0.002 -20"><span class='ocrx_word' id='word_1_162' title='bbox 215 2071 415 2116; x_wconf 74' lang='lat' dir='ltr'><strong>gressus,</strong></span> <span class='ocrx_word' id='word_1_163' title='bbox 445 2057 765 2102; x_wconf 75' lang='lat' dir='ltr'><strong>coarctatione</strong></span> <span class='ocrx_word' id='word_1_164' title='bbox 794 2067 1085 2103; x_wconf 87' lang='lat' dir='ltr'><strong>armatorum</strong></span> <span class='ocrx_word' id='word_1_165' title='bbox 1127 2067 1172 2103; x_wconf 80' lang='lat' dir='ltr'><strong>et</strong></span> <span class='ocrx_word' id='word_1_166' title='bbox 1201 2056 1416 2119; x_wconf 84' lang='lat' dir='ltr'><strong>subigere</strong></span> <span class='ocrx_word' id='word_1_167' title='bbox 1454 2055 1538 2101; x_wconf 87' lang='lat' dir='ltr'><strong>sibi</strong></span> <span class='ocrx_word' id='word_1_168' title='bbox 1577 2066 1622 2102; x_wconf 91' lang='lat' dir='ltr'><strong>et</strong></span> 
     </span>
     <span class='ocr_line' id='line_1_25' title="bbox 214 2132 1620 2197; baseline 0.001 -21"><span class='ocrx_word' id='word_1_169' title='bbox 214 2132 444 2196; x_wconf 84' lang='lat' dir='ltr'><strong>diripere,</strong></span> <span class='ocrx_word' id='word_1_170' title='bbox 487 2133 665 2196; x_wconf 84' lang='lat' dir='ltr'><strong>absque</strong></span> <span class='ocrx_word' id='word_1_171' title='bbox 694 2133 1001 2180; x_wconf 84' lang='lat' dir='ltr'><strong>reluctatione</strong></span> <span class='ocrx_word' id='word_1_172' title='bbox 1023 2172 1033 2189; x_wconf 83' lang='lat'><strong>‚</strong></span> <span class='ocrx_word' id='word_1_173' title='bbox 1071 2135 1350 2197; x_wconf 89' lang='lat' dir='ltr'><strong>potuissent.</strong></span> <span class='ocrx_word' id='word_1_174' title='bbox 1389 2134 1620 2180; x_wconf 87' lang='lat' dir='ltr'><strong>Fatiscant</strong></span> 
     </span>
     <span class='ocr_line' id='line_1_26' title="bbox 212 2209 1620 2273; baseline 0.001 -20"><span class='ocrx_word' id='word_1_175' title='bbox 212 2209 352 2270; x_wconf 79' lang='lat' dir='ltr'><strong>igitur</strong></span> <span class='ocrx_word' id='word_1_176' title='bbox 373 2209 665 2273; x_wconf 84' lang='lat' dir='ltr'><strong>perfidorum</strong></span> <span class='ocrx_word' id='word_1_177' title='bbox 690 2220 735 2256; x_wconf 90' lang='lat' dir='ltr'><strong>et</strong></span> <span class='ocrx_word' id='word_1_178' title='bbox 766 2211 1237 2256; x_wconf 84' lang='lat' dir='ltr'><strong>mendacissimorum</strong></span> <span class='ocrx_word' id='word_1_179' title='bbox 1260 2211 1511 2256; x_wconf 89' lang='lat' dir='ltr'><strong>hominum</strong></span> <span class='ocrx_word' id='word_1_180' title='bbox 1535 2210 1620 2255; x_wconf 90' lang='lat' dir='ltr'><strong>lin-</strong></span> 
     </span>
     <span class='ocr_line' id='line_1_27' title="bbox 213 2286 1615 2350; baseline 0.001 -20"><span class='ocrx_word' id='word_1_181' title='bbox 213 2301 337 2345; x_wconf 84' lang='lat' dir='ltr'><strong>guae,</strong></span> <span class='ocrx_word' id='word_1_182' title='bbox 368 2287 446 2347; x_wconf 84' lang='lat' dir='ltr'><strong>qui</strong></span> <span class='ocrx_word' id='word_1_183' title='bbox 467 2324 477 2344; x_wconf 83' lang='grc'>,</span> <span class='ocrx_word' id='word_1_184' title='bbox 507 2286 677 2332; x_wconf 83' lang='lat' dir='ltr'><strong>talibus</strong></span> <span class='ocrx_word' id='word_1_185' title='bbox 701 2288 920 2345; x_wconf 72' lang='lat' dir='ltr'><strong>inventis,</strong></span> <span class='ocrx_word' id='word_1_186' title='bbox 947 2304 1080 2333; x_wconf 90' lang='lat' dir='ltr'><strong>suam</strong></span> <span class='ocrx_word' id='word_1_187' title='bbox 1108 2298 1262 2350; x_wconf 82' lang='lat' dir='ltr'><strong>tegere</strong></span> <span class='ocrx_word' id='word_1_188' title='bbox 1286 2287 1615 2349; x_wconf 85' lang='lat' dir='ltr'><strong>ignominiam,</strong></span> 
     </span>
     <span class='ocr_line' id='line_1_28' title="bbox 213 2363 1617 2425; baseline 0.002 -20"><span class='ocrx_word' id='word_1_189' title='bbox 213 2370 258 2405; x_wconf 90' lang='lat' dir='ltr'><strong>et</strong></span> <span class='ocrx_word' id='word_1_190' title='bbox 304 2363 495 2424; x_wconf 90' lang='lat' dir='ltr'><strong>optimis</strong></span> <span class='ocrx_word' id='word_1_191' title='bbox 534 2372 672 2425; x_wconf 88' lang='lat' dir='ltr'><strong>atque</strong></span> <span class='ocrx_word' id='word_1_192' title='bbox 712 2363 1051 2410; x_wconf 84' lang='lat' dir='ltr'><strong>honestissimis</strong></span> <span class='ocrx_word' id='word_1_193' title='bbox 1091 2365 1264 2410; x_wconf 75' lang='lat' dir='ltr'><strong>civium</strong></span> <span class='ocrx_word' id='word_1_194' title='bbox 1297 2364 1511 2410; x_wconf 88' lang='lat' dir='ltr'><strong>moribus</strong></span> <span class='ocrx_word' id='word_1_195' title='bbox 1549 2374 1617 2409; x_wconf 90' lang='lat' dir='ltr'><strong>ta-</strong></span> 
     </span>
     <span class='ocr_line' id='line_1_29' title="bbox 211 2440 1618 2504; baseline 0.002 -19"><span class='ocrx_word' id='word_1_196' title='bbox 211 2440 325 2485; x_wconf 88' lang='lat' dir='ltr'><strong>lium</strong></span> <span class='ocrx_word' id='word_1_197' title='bbox 361 2442 695 2504; x_wconf 82' lang='lat' dir='ltr'><strong>figmentorum</strong></span> <span class='ocrx_word' id='word_1_198' title='bbox 740 2443 932 2490; x_wconf 87' lang='lat' dir='ltr'><strong>nebulas</strong></span> <span class='ocrx_word' id='word_1_199' title='bbox 976 2443 1217 2490; x_wconf 88' lang='lat' dir='ltr'><strong>salsissime</strong></span> <span class='ocrx_word' id='word_1_200' title='bbox 1253 2444 1495 2490; x_wconf 84' lang='lat' dir='ltr'><strong>obducere</strong></span> <span class='ocrx_word' id='word_1_201' title='bbox 1536 2460 1618 2489; x_wconf 91' lang='lat' dir='ltr'><strong>co-</strong></span> 
     </span>
     <span class='ocr_line' id='line_1_30' title="bbox 212 2518 1615 2584; baseline 0.004 -23"><span class='ocrx_word' id='word_1_202' title='bbox 212 2518 307 2562; x_wconf 89' lang='lat' dir='ltr'><strong>nati</strong></span> <span class='ocrx_word' id='word_1_203' title='bbox 342 2528 472 2572; x_wconf 84' lang='lat' dir='ltr'><strong>sunt,</strong></span> <span class='ocrx_word' id='word_1_204' title='bbox 510 2528 555 2564; x_wconf 90' lang='lat' dir='ltr'><strong>et</strong></span> <span class='ocrx_word' id='word_1_205' title='bbox 587 2535 691 2577; x_wconf 83' lang='lat' dir='ltr'><strong>eos,</strong></span> <span class='ocrx_word' id='word_1_206' title='bbox 737 2520 945 2566; x_wconf 86' lang='lat' dir='ltr'><strong>insontes</strong></span> <span class='ocrx_word' id='word_1_207' title='bbox 986 2531 1126 2584; x_wconf 87' lang='lat' dir='ltr'><strong>atque</strong></span> <span class='ocrx_word' id='word_1_208' title='bbox 1168 2522 1615 2577; x_wconf 85' lang='lat' dir='ltr'><strong>innocentissimos,</strong></span> 
     </span>
     <span class='ocr_line' id='line_1_31' title="bbox 211 2595 1614 2661; baseline 0.004 -22"><span class='ocrx_word' id='word_1_209' title='bbox 211 2604 307 2640; x_wconf 87' lang='lat' dir='ltr'><strong>tam</strong></span> <span class='ocrx_word' id='word_1_210' title='bbox 330 2595 501 2640; x_wconf 84' lang='lat' dir='ltr'><strong>atrocis</strong></span> <span class='ocrx_word' id='word_1_211' title='bbox 531 2596 716 2641; x_wconf 83' lang='lat' dir='ltr'><strong>sceleris</strong></span> <span class='ocrx_word' id='word_1_212' title='bbox 744 2598 1088 2661; x_wconf 89' lang='lat' dir='ltr'><strong>compositione</strong></span> <span class='ocrx_word' id='word_1_213' title='bbox 1112 2599 1213 2644; x_wconf 89' lang='lat' dir='ltr'><strong>ausi</strong></span> <span class='ocrx_word' id='word_1_214' title='bbox 1236 2609 1345 2645; x_wconf 90' lang='lat' dir='ltr'><strong>sunt</strong></span> <span class='ocrx_word' id='word_1_215' title='bbox 1369 2599 1614 2644; x_wconf 82' lang='lat' dir='ltr'><strong>infamare.</strong></span> 
     </span>
    </p>
   </div>
   <div class='ocr_carea' id='block_1_3' title="bbox 262 2703 800 2802">
    <p class='ocr_par' dir='ltr' id='par_1_4' title="bbox 262 2703 800 2802">
     <span class='ocr_line' id='line_1_32' title="bbox 266 2703 714 2753; baseline 0.004 -14"><span class='ocrx_word' id='word_1_216' title='bbox 266 2705 302 2739; x_wconf 85' lang='lat'><strong>1.</strong></span> <span class='ocrx_word' id='word_1_217' title='bbox 333 2703 518 2753; x_wconf 61' lang='lat' dir='ltr'><strong>Supplaefiez</strong></span> <span class='ocrx_word' id='word_1_218' title='bbox 536 2706 714 2753; x_wconf 76' lang='lat' dir='ltr'><strong>gratiam.</strong></span> 
     </span>
     <span class='ocr_line' id='line_1_33' title="bbox 262 2762 800 2802; baseline 0.002 -4"><span class='ocrx_word' id='word_1_219' title='bbox 262 2763 298 2800; x_wconf 75' lang='lat'><strong>2.</strong></span> <span class='ocrx_word' id='word_1_220' title='bbox 331 2762 544 2799; x_wconf 77' lang='lat' dir='ltr'><strong>Habeamus</strong></span> <span class='ocrx_word' id='word_1_221' title='bbox 564 2763 657 2801; x_wconf 88' lang='lat' dir='ltr'><strong>dans</strong></span> <span class='ocrx_word' id='word_1_222' title='bbox 680 2763 716 2802; x_wconf 88' lang='lat' dir='ltr'><strong>le</strong></span> <span class='ocrx_word' id='word_1_223' title='bbox 735 2777 800 2801; x_wconf 78' lang='lat' dir='ltr'><strong>ms.</strong></span> 
     </span>
    </p>
   </div>
  </div>
 </body>
</html>
