1923 3020
325 271 374 306 20
684 272 1016 307 HISTORIARUM
1049 274 1281 309 LUDOVICI
1310 274 1366 307 XI

325 355 536 419 pessimis
559 371 612 401 ac
630 356 927 418 iniquissimis
947 357 1156 402 moribus
1177 358 1299 412 viro,
1317 372 1457 417 quem
1482 371 1574 417 prae
1598 365 1723 403 caete-

324 432 384 474 ris
408 430 644 492 potissime
662 431 818 476 bonus
835 448 913 476 rex
939 431 1186 477 defunctus
1212 448 1405 476 exosum
1433 447 1616 494 semper
1638 431 1724 478 ha—

325 505 511 564 buerat,
535 507 652 553 duas
676 507 735 552 de
761 507 1015 569 majoribus
1040 519 1083 553 et
1113 510 1260 569 magis
1292 508 1563 569 quaestuosis
1594 510 1723 570 regni

322 581 807 629 administrationibus
852 601 929 629 seu
973 584 1137 629 officiis
1177 583 1427 629 contulerit
1459 602 1466 628 :
1510 584 1725 630 videlicet

322 659 528 704 osticium
554 659 764 706 Amiralis
786 676 838 706 ac
862 661 1070 706 osticium
1092 661 1244 722 Magni
1271 660 1472 721 Magistri
1509 661 1603 706 sive
1629 664 1723 705 Re-

321 735 585 782 formatoris
609 737 844 799 sylvarum
870 747 915 782 et
940 738 1189 783 fluminum
1212 740 1221 760 ¹
1241 756 1250 794 3
1280 737 1447 782 amotis
1471 737 1579 783 inde
1602 738 1722 783 duo·

320 811 409 858 bus
426 813 725 859 nobilissimis
745 814 966 870 dominis,
989 814 1048 860 de
1066 815 1237 877 primo,
1259 813 1453 858 domino
1471 813 1530 859 (lu
1541 814 1678 859 Bccel'l
1691 816 1719 872 ²,

321 889 522 935 militum
555 891 873 936 strenuissimo
899 890 1034 945 duce,
1066 900 1111 935 et
1135 890 1192 935 de
1218 889 1446 946 secundo,
1470 891 1641 935 comite
1665 890 1722 934 de

319 965 606 1011 Tancarvilla
623 968 654 1022 ³,
676 967 888 1029 principe
912 982 964 1011 ac
988 966 1088 1010 viro
1115 966 1314 1028 optimo,
1335 965 1414 1027 qui
1431 966 1595 1011 eadem
1619 965 1722 1010 offi-

318 1042 389 1086 cia
409 1042 491 1087 diu
510 1042 597 1087 sub
621 1052 750 1105 patre
779 1042 1000 1087 defuncto
1025 1051 1301 1097 tenuerant,
1337 1040 1517 1103 sibique
1557 1052 1601 1087 et
1638 1042 1721 1087 toti

320 1135 462 1181 regno
488 1120 604 1181 grati
624 1119 884 1165 admodum
905 1119 1196 1164 exstiterant.

383 1198 498 1240 Cum
523 1205 677 1241 auten]
701 1195 786 1239 sul)
812 1194 1084 1255 hujusmodi
1105 1196 1274 1254 Magno
1298 1195 1516 1254 Magistro
1531 1194 1622 1239 sint
1641 1212 1723 1257 per

320 1281 468 1318 totum
490 1287 687 1331 regnum
704 1269 940 1326 officiales,
962 1269 1042 1331 qui
1062 1269 1288 1313 forestarii
1308 1268 1618 1331 appellantur,
1642 1286 1724 1332 per

317 1348 519 1408 singulas
539 1348 705 1409 sylvas,
724 1346 961 1392 interdum
977 1347 1117 1391 etiam
1142 1347 1186 1390 in
1207 1345 1371 1391 eadem
1391 1346 1533 1408 sylva,
1551 1347 1587 1390 si
1607 1346 1723 1391 mul-

318 1434 414 1468 tum
440 1434 629 1469 extensa
654 1432 739 1479 est,
767 1423 860 1469 duo
879 1433 958 1468 aut
981 1423 1136 1485 plures
1155 1422 1242 1467 sub
1263 1422 1454 1483 singulis
1475 1422 1723 1467 forestariis

317 1501 591 1558 servientes,
620 1517 706 1564 pro
741 1501 977 1562 sylvarum
1011 1509 1054 1544 et
1090 1500 1294 1544 saltuum
1330 1499 1553 1544 custodiis
1585 1509 1630 1544 et
1663 1500 1721 1544 ad

316 1578 503 1623 easdem
528 1578 790 1623 lustrandas
821 1577 1031 1641 deputati
1063 1581 1073 1614 ί
1093 1593 1151 1622 ne
1187 1576 1301 1639 quid
1334 1576 1452 1621 forte
1485 1576 1645 1621 damni
1675 1577 1719 1621 in

310 1654 426 1714 juris
451 1655 560 1717 regii
584 1654 906 1717 praejudicium
925 1655 1172 1715 jacturaeve
1196 1653 1496 1710 admittatur,
1525 1653 1618 1698 sive
1642 1669 1722 1698 ar-

316 1730 454 1775 bores
471 1731 627 1775 furtim
640 1731 882 1787 etrdendo,
898 1731 991 1775 sive
1012 1730 1128 1775 seras
1144 1729 1360 1774 venando
1376 1745 1458 1774 seu
1470 1729 1717 1792 capiendo,

316 1807 383 1851 vel
403 1807 551 1867 alias),
568 1808 752 1869 sintque
774 1806 936 1852 talium
958 1805 1229 1851 officialium
1247 1822 1330 1869 per
1348 1815 1501 1851 totum
1523 1822 1720 1866 regnum

316 1899 445 1945 paene
467 1884 728 1940 innumeri,
758 1900 878 1945 quos
905 1900 1071 1927 omnes
1104 1884 1230 1944 regia
1261 1883 1472 1944 majestas
1509 1882 1646 1943 gratis
1678 1892 1721 1926 et

316 1961 492 2022 absque
518 1962 755 2006 exactione
782 1977 960 2024 ponere
985 1970 1029 2005 et
1053 1961 1293 2005 instituere
1318 1959 1573 2011 consuevit,
1605 1974 1719 2002 con-

316 2038 444 2081 cessit
492 2055 567 2083 rex
614 2048 657 2083 et
701 2038 966 2083 facultatem
1010 2036 1139 2081 dedit
1183 2036 1375 2099 praefato
1420 2035 1614 2079 domino
1663 2034 1721 2078 de

317 2114 674 2171 Monte-Albani,
704 2115 762 2159 de
788 2113 1009 2158 omnibus
1034 2113 1200 2158 officiis
1217 2110 1541 2174 hujuscemodi
1566 2110 1722 2173 dispo-

318 2190 475 2243 nendi,
504 2200 546 2235 et
571 2192 734 2237 eadem
760 2190 931 2253 quibus
966 2190 1102 2234 vellet
1134 2199 1176 2234 et
1202 2189 1418 2251 quotiens
1442 2187 1579 2232 vellet
1610 2204 1721 2232 ven-

371 2344 409 2379 11.
443 2359 459 2374 «
489 2342 634 2378 L'osticc
670 2343 716 2379 de
748 2340 1038 2392 grand-maine
1073 2355 1121 2377 on
1161 2341 1411 2378 reformatenr
1445 2340 1509 2376 des
1551 2353 1647 2376 eaux
1687 2348 1722 2376 et

323 2401 451 2437 soi-ets.
481 2417 495 2430 »ι

372 2462 408 2495 2.
441 2461 531 2495 Jean
556 2458 603 2494 de
626 2460 745 2505 Beuil,
768 2469 888 2496 comte
910 2459 956 2496 de
981 2462 1179 2504 Sancerre,
1203 2459 1336 2495 amiral
1362 2471 1447 2495 sous
1467 2458 1620 2496 Charles
1637 2460 1717 2496 VII.

375 2519 410 2554 3.
445 2518 659 2554 Gnillaume
691 2518 736 2554 de
769 2521 976 2565 llarconrt,
1005 2520 1182 2569 seigneur
1210 2519 1256 2555 de
1286 2518 1535 2555 Tancarville.
1565 2520 1595 2554 Il
1620 2524 1722 2565 reeut

321 2589 395 2612 nne
415 2586 514 2612 sorte
539 2577 584 2612 de
610 2576 965 2625 tle-dommagement
988 2591 1055 2626 par
1079 2577 1113 2614 la
1134 2577 1354 2614 concession
1375 2590 1449 2625 que
1472 2576 1505 2613 le
1530 2577 1587 2613 roi
1608 2576 1659 2612 lui
1684 2575 1721 2609 fit

319 2648 365 2670 au
396 2636 486 2671 mois
517 2635 562 2671 (le
591 2634 798 2671 novembre
826 2637 914 2669 1401
945 2634 1009 2670 des
1030 2635 1149 2671 droits
1177 2636 1223 2672 de
1245 2636 1358 2672 hante
1387 2636 1521 2681 justice
1539 2665 1548 2681 ‚
1579 2635 1665 2670 tiers
1687 2640 1721 2668 et

318 2693 460 2743 danger
498 2693 589 2730 dans
622 2695 654 2729 le
684 2694 804 2728 νωιιιῖιὲ
827 2693 873 2729 de
898 2694 1148 2730 Tancarville.
1187 2696 1447 2731 Ordnmmnces
1479 2697 1541 2729 cles
1574 2697 1645 2727 Μία*
1675 2694 1721 2725 de

321 2755 476 2795 Franco,
503 2761 526 2786 t.
556 2754 630 2798 XV,
653 2766 689 2800 p.
714 2754 755 2786 21
774 2757 803 2787 1.
