1923 3020
295 199 369 236 306
653 192 993 230 HISTORIARUM
1021 190 1256 226 LUDOVICI
1283 191 1339 225 XI

294 287 439 333 modo
466 302 492 330 a
513 280 772 328 cervicibus
794 279 887 324 suis
914 278 1082 339 jugum
1113 277 1178 321 eis
1202 275 1337 321 valde
1361 275 1597 336 ingratum
1621 293 1689 321 re-

297 365 363 426 gis
406 365 695 405 Francorum
742 364 960 401 excutere
999 362 1216 417 possent,
1256 360 1330 410 et,
1372 351 1693 397 Barcinonen-

293 440 413 483 sium
444 433 677 496 exemplo,
706 431 765 477 ad
793 447 931 476 suum
962 428 1224 475 naturalem
1251 427 1568 491 principatum
1597 443 1695 472 sese

296 512 537 558 reducere.

360 587 426 633 Ad
462 585 594 649 quod
619 585 761 631 etiam
795 601 877 630 eos
906 583 1211 647 procliviores
1234 580 1461 627 reddebat
1496 580 1698 627 barbara

295 667 509 731 quaedam
535 666 687 711 feritas
714 675 853 728 atque
878 664 1144 710 immanitas
1168 662 1416 725 cujusdam
1444 661 1694 725 capitanei,

294 749 375 811 qui
398 748 581 792 noviter
605 745 665 791 ad
688 762 769 791 eos
798 762 882 807 per
904 747 1194 790 Francorum
1219 758 1404 804 regem,
1434 758 1521 805 pro
1544 752 1698 787 custo-

296 823 374 869 dia
398 823 561 887 oppidi
587 832 631 868 et
653 822 772 868 arcis
797 820 1008 883 ejusdem
1029 858 1039 878 ,
1071 836 1181 865 cum
1204 828 1333 864 certo
1358 819 1557 864 militum
1582 833 1699 881 prae-

294 901 413 947 sidio
434 937 445 956 ,
493 900 641 945 fuerat
676 898 933 944 destinatus
951 900 977 942 ¹.
1024 900 1142 942 Cum
1183 897 1310 942 enim
1351 896 1431 942 illo
1487 905 1699 941 recenter

294 977 620 1034 adventasset,
657 977 703 1021 in
746 975 933 1039 publica
967 992 1075 1021 cum
1111 974 1292 1020 civibus
1322 977 1696 1031 convocatione,

293 1055 448 1101 verbis
495 1054 697 1099 multum
729 1052 1021 1110 minacibus,
1065 1051 1306 1115 probrosis
1349 1061 1489 1113 atque
1527 1051 1700 1113 asperis

298 1142 391 1177 tam
413 1130 472 1176 ad
491 1129 674 1175 nobiles
700 1139 833 1174 terrae
863 1145 1006 1191 quam
1037 1129 1159 1173 cives
1188 1127 1279 1172 loci
1315 1128 1526 1172 invectus
1563 1127 1702 1173 fuisse

297 1207 547 1253 ferebatur.
571 1205 711 1262 Quod
733 1222 898 1250 eorum
919 1205 1120 1260 animos,
1146 1203 1347 1248 tenuiter
1366 1203 1425 1248 ad
1451 1204 1701 1248 amicitiam

298 1285 481 1349 imperii
507 1288 793 1329 Francorum
826 1282 1140 1344 adglutinatos
1171 1291 1216 1326 et
1252 1279 1444 1339 affixos,
1481 1280 1612 1326 facile
1643 1279 1703 1325 ad

299 1362 610 1408 dicessionem
635 1359 903 1405 inflectebat
921 1394 933 1416 ‚
965 1368 1011 1404 et
1035 1357 1094 1403 ab
1119 1357 1290 1403 eodem
1315 1374 1509 1421 prorsus
1531 1356 1703 1403 abalie-

300 1437 461 1483 nabat.

363 1517 614 1559 Tentarant
650 1511 789 1573 igitur
827 1509 1032 1573 primum
1067 1509 1261 1572 quidam
1299 1525 1352 1555 ex
1387 1508 1628 1554 nobilibus
1662 1517 1707 1554 et

301 1590 481 1636 civibus
501 1589 620 1645 loci,
650 1589 769 1632 inter
789 1603 908 1649 quos
933 1586 1197 1648 praecipuus
1229 1595 1327 1631 erat
1350 1585 1573 1631 dominus
1598 1588 1705 1630 Ber·

301 1666 476 1712 nardus
501 1669 646 1709 Doms
665 1665 708 1722 ⁴²,
742 1662 876 1707 miles
893 1700 904 1718 ,
939 1672 990 1706 ut
1016 1671 1190 1708 certam
1218 1661 1431 1707 militiam
1457 1662 1574 1724 regis
1599 1664 1706 1707 Ara-

303 1760 480 1807 gonum
507 1742 627 1788 clam
656 1740 1055 1795 intromitterent,
1093 1750 1137 1785 et
1180 1743 1383 1786 Francos
1422 1740 1534 1786 inde
1571 1739 1707 1801 ejice·

304 1830 408 1866 rent
425 1829 469 1865 et
484 1818 786 1882 expellerent.
809 1816 951 1873 Quod
972 1833 1080 1861 cum
1101 1817 1251 1862 facere
1271 1817 1471 1879 aggressi
1496 1816 1706 1874 fuissent,

306 1907 367 1956 et,
397 1897 460 1942 ob
484 1912 589 1942 eam
609 1911 709 1940 rem
731 1893 1072 1958 perficiendam
1092 1929 1103 1952 ,
1136 1895 1320 1940 circiter
1343 1895 1709 1957 quingentorum

306 1990 531 2019 numerus
549 1973 763 2035 equitum
783 1987 931 2033 usque
952 1987 1101 2033 prope
1125 1972 1299 2016 moenia
1316 1972 1479 2034 oppidi
1499 1971 1711 2016 advenis-

307 2061 439 2110 sent,
469 2067 565 2095 non
593 2059 850 2114 potuerunt
877 2048 1218 2109 conjurationis
1242 2059 1456 2095 auctores
1480 2050 1552 2105 id,
1583 2047 1710 2111 quod

309 2144 356 2173 se
381 2128 585 2174 facturos
610 2135 935 2190 susceperant,
958 2125 1218 2189 adimplere
1235 2128 1264 2172 ³.
1293 2130 1410 2173 Nam
1436 2144 1546 2172 cum
1569 2127 1714 2172 inter-

364 2322 401 2356 1.
423 2317 555 2355 C'e'tait
574 2317 734 2353 Antoine
755 2316 805 2352 du
824 2319 920 2361 Lau,
937 2314 1114 2365 seigneur
1134 2315 1181 2352 de
1201 2315 1477 2362 Chaiteauneuf,
1501 2330 1552 2353 ou
1572 2317 1715 2354 Castel-

310 2391 400 2422 naU,
422 2375 579 2412 d'abord
602 2375 679 2411 l'un
701 2374 765 2411 des
787 2375 871 2424 plus
892 2374 1031 2425 grands
1050 2375 1189 2412 favoris
1210 2375 1260 2411 du
1282 2376 1354 2422 roi,
1375 2377 1440 2426 qui
1464 2377 1551 2413 ctait
1571 2377 1715 2413 ensuite

310 2435 436 2472 tombc
458 2447 504 2471 en
528 2433 713 2484 disgrzire,
735 2433 836 2468 avait
857 2433 914 2469 ete
935 2433 1143 2481 incarcere,
1166 2435 1288 2472 s'ctait
1304 2435 1408 2472 cnfui
1422 2449 1469 2472 en
1489 2439 1716 2487 Bourgogne

311 2503 346 2531 et
369 2494 495 2531 venait
515 2491 705 2528 d'obtenir
728 2504 767 2526 sa
788 2491 1084 2528 reconciliation.

364 2555 401 2590 2.
434 2556 531 2588 Dum
561 2550 654 2588 dans
678 2550 712 2586 le
733 2562 802 2585 ms.
825 2552 878 2585 Le
897 2562 987 2586 nom
1008 2559 1063 2587 est
1086 2551 1215 2590 d’Oms
1237 2566 1283 2590 en
1305 2553 1487 2603 francam,
1509 2562 1546 2590 et
1568 2552 1716 2589 d'Orms

310 2629 357 2652 en
376 2615 537 2652 catalan.

367 2677 402 2710 3.
432 2677 659 2722 Res-operam
678 2674 929 2719 adimplerent
945 2670 1038 2708 dans
1059 2672 1093 2708 le
1121 2687 1190 2712 ms.
