1923 3020
275 195 295 228 3
303 195 348 229 46
632 188 966 225 HISTORIARUM
995 186 1225 222 LUDOVICI
1252 188 1306 221 XI

273 283 520 328 viciniores
553 275 751 337 graviter
793 271 1105 331 infestabant,
1149 272 1376 318 incendiis
1414 283 1460 318 et
1491 275 1665 337 rapinis

273 369 439 405 cuncta
460 370 560 417 quae
584 360 804 416 poterant
823 350 1129 395 devastantes.

335 432 425 478 Sed
455 440 500 476 et
520 431 660 489 longe
684 428 858 473 caeteris
881 426 1093 472 cladibus
1119 426 1303 488 gravius
1324 427 1365 472 ei
1390 427 1666 474 imminebat

271 509 497 557 exercitus
537 506 691 567 regius
723 519 896 566 rexque
931 503 1029 566 ipse
1069 506 1382 561 Francorum,
1424 504 1507 566 qui
1547 521 1664 549 con-

271 585 425 631 tractis
451 582 664 628 maximis
698 581 862 643 copiis,
890 589 985 625 tam
1012 580 1225 642 equitum
1252 596 1394 642 quam
1428 579 1659 642 peditum,

270 672 414 707 terras
451 658 675 705 Picardiae
710 667 755 703 et
788 656 1048 702 Hannoniae
1078 656 1345 718 gravissime
1371 655 1661 718 affligebant,

270 736 498 783 incendiis
519 773 530 794 ,
556 734 762 781 caedibus
787 743 833 779 et
860 733 1035 796 rapinis
1057 742 1228 778 cuncta
1259 733 1563 796 complentes.
1593 737 1666 779 ln-

270 822 511 859 cursantes
542 812 716 875 quippe
744 826 797 855 ex
829 808 1068 854 Ambianis
1102 818 1148 854 et
1179 808 1375 854 Belvaco
1401 826 1537 870 agros
1562 809 1666 856 illos

269 889 552 934 vastissimos
576 888 762 933 Artesiae
786 895 831 932 et
853 886 1102 931 comitatus
1125 886 1305 930 l'ontivi
1320 889 1347 943 ¹,
1375 895 1544 931 cuncta
1565 903 1667 932 vas-

270 963 415 1009 tando
441 962 669 1009 incendiis
695 971 739 1006 et
768 960 936 1024 praedis
959 959 1227 1022 diripiendo
1252 960 1312 1005 ad
1336 969 1495 1022 portas
1519 977 1665 1023 usque

270 1040 505 1095 Atrebati„
546 1050 591 1085 et
613 1039 757 1085 altera
798 1038 898 1082 vice
934 1052 1083 1098 usque
1124 1035 1185 1080 ad
1219 1045 1377 1097 portas
1412 1036 1577 1099 oppidi
1608 1036 1666 1083 de

271 1116 473 1163 Hesdc'tzc
495 1125 800 1181 penetrarunt
825 1124 869 1159 et
892 1114 1201 1158 devenerunt.

334 1194 469 1257 Apud
505 1192 780 1239 Atrebatum
816 1200 972 1236 autem
1007 1197 1229 1252 posuerat
1262 1187 1356 1234 dux
1389 1190 1667 1251 Burgundiae

269 1271 515 1317 dominum
541 1270 769 1316 Jacobum
801 1270 831 1324 ²,
870 1268 1057 1312 fratrem
1089 1266 1273 1311 comitis
1310 1267 1663 1327 Sancti-Pauli,

268 1347 601 1393 constabularii
627 1350 657 1390 F
660 1345 827 1390 ranciae
846 1382 857 1399 ,
887 1352 933 1388 et
955 1343 1177 1388 comitem
1201 1342 1259 1388 de
1287 1345 1528 1401 Romotzff,
1559 1344 1668 1390 alte-

270 1439 373 1468 rum
405 1440 458 1468 ex
484 1420 774 1485 principibus
805 1419 1038 1481 germanis
1074 1418 1317 1463 Sabaudiae
1351 1417 1516 1477 ducis,
1558 1436 1668 1466 cum

269 1509 397 1544 certo
416 1500 616 1544 militum
633 1496 848 1562 praesidio
869 1496 1080 1558 equitum
1102 1511 1155 1541 ac
1176 1494 1387 1558 peditum
1407 1531 1418 1553 ‚
1440 1496 1538 1558 qui,
1559 1513 1667 1543 curn

269 1578 479 1639 quodam
503 1576 603 1635 die,
631 1592 658 1620 a
681 1574 859 1620 civibus
882 1582 925 1618 et
950 1572 1129 1636 populo
1155 1572 1283 1618 urbis
1316 1572 1549 1636 compulsi
1569 1608 1580 1628 ,
1607 1573 1666 1619 ad

268 1656 573 1703 debellandos
596 1656 755 1701 hostes
779 1654 998 1700 exiissent
1027 1669 1137 1698 eum
1161 1653 1300 1698 armis
1323 1662 1483 1716 portas
1506 1653 1667 1700 civita-

268 1745 335 1781 tes
352 1771 363 1792 ,
390 1733 582 1795 contigit
605 1770 615 1789 ‚
648 1748 757 1778 cum
791 1728 1056 1793 improvide
1087 1738 1133 1774 et
1159 1729 1318 1774 minus
1347 1739 1482 1775 caute
1508 1729 1666 1775 hostes

267 1820 690 1876 prosequerentur,
745 1817 795 1854 ut
842 1807 1022 1852 insidiis
1072 1806 1283 1851 hostium
1325 1806 1661 1865 circumventi,

268 1888 423 1951 plures
454 1898 550 1933 tam
583 1903 637 1932 ex
663 1883 897 1947 equitibus
917 1918 928 1940 ‚
968 1898 1112 1944 quam
1137 1881 1374 1945 peditibus
1404 1891 1449 1927 et
1471 1881 1665 1945 plebeiis

268 1965 463 2011 civitatis
503 1966 611 2011 satis
655 1962 923 2009 immaniter
964 1959 1310 2005 trucidarentur
1329 1996 1340 2016 ‚
1388 1969 1433 2005 et
1472 1960 1663 2023 plurimi

267 2041 436 2103 captivi
468 2041 800 2096 ducerenturh,
832 2039 952 2083 inter
974 2052 1095 2099 quos
1123 2046 1169 2081 et
1198 2036 1414 2100 praefatus
1443 2035 1664 2082 dominus

266 2116 466 2162 ,lacobus
489 2117 547 2163 de
571 2114 913 2162 Sancto-Paulo
937 2122 1102 2176 captus
1125 2112 1237 2172 suit,
1264 2122 1309 2158 et
1327 2112 1388 2158 ad
1406 2129 1562 2173 regem
1581 2112 1663 2158 ad-

267 2193 460 2251 ductus,
487 2209 622 2255 aquo
649 2193 802 2238 adhue
822 2190 966 2236 hodie
988 2191 1354 2235 coasservatur⁵.

319 2367 355 2402 1.
391 2382 407 2398 α
430 2368 499 2401 Les
520 2376 745 2414 campagnes
765 2363 811 2399 de
830 2361 983 2399 l'Artois
1003 2369 1039 2398 et
1058 2360 1109 2397 du
1129 2359 1327 2396 Pontliieu.
1354 2376 1370 2393 1>

315 2426 350 2462 2.
385 2428 545 2473 Jacques
565 2423 610 2459 de
636 2422 920 2471 Luxembourg‚
946 2421 1124 2472 seigneur
1144 2419 1191 2457 (le
1208 2418 1463 2469 Ricliebourg.

317 2486 352 2520 3.
383 2486 544 2532 Jacques
564 2481 610 2518 ‹le
631 2481 781 2527 Savoie,
802 2490 923 2517 comte
943 2480 989 2517 de
1009 2482 1173 2517 Romont
1192 2478 1285 2516 dans
1305 2479 1340 2516 le
1363 2491 1454 2529 pays
1475 2477 1521 2516 de
1538 2480 1657 2515 Vaux.

319 2546 354 2579 4.
387 2546 438 2579 Le
467 2544 514 2579 27
541 2541 623 2589 juin
652 2543 767 2577 1475.

319 2605 355 2641 5.
387 2605 534 2639 Prcuve
551 2615 623 2651 que
644 2601 719 2637 ceci
737 2614 757 2637 a
775 2601 832 2637 ete
848 2600 939 2636 c'crit
958 2612 1032 2649 peu
1049 2601 1158 2650 api-es
1174 2599 1441 2645 l⁷evcnement‚
1461 2611 1538 2645 car,
1557 2595 1659 2633 selon

268 2662 479 2698 commines
493 2691 500 2705 ‚
527 2661 561 2697 la
583 2661 710 2710 prison
730 2659 776 2696 de
799 2672 841 2695 ce
862 2658 1038 2709 seigneur
1058 2660 1113 2694 sut
1129 2657 1176 2694 de
1197 2666 1326 2694 courte
1343 2657 1473 2693 dun-ee.
