1923 3020
321 319 364 352 37
372 318 393 351 2
686 317 717 349 H
723 314 1024 349 ISTORIARUM
1052 314 1286 350 LUDOVICI
1313 315 1367 349 XI

322 406 387 466 gis
411 402 714 464 compactatis
741 400 1135 464 comprehensus,
1165 400 1247 446 sed
1280 401 1410 447 velut
1440 402 1487 446 in
1514 403 1721 464 praedam

322 481 408 525 sibi
434 479 568 523 datus
590 492 644 522 ac
662 477 957 539 derelictus),
979 479 1162 540 copias,
1186 477 1360 539 quibus
1383 478 1575 539 aggredi
1595 480 1723 524 Cam-

320 555 507 617 paniam
532 563 639 598 ante
670 554 1008 611 destinaverat,
1034 556 1079 599 in
1105 570 1269 615 agrum
1295 557 1565 600 ssarrensem
1584 591 1594 611 ,
1625 556 1722 617 regi

321 630 496 671 Renato
518 636 805 689 spectantem
823 664 833 685 ,
857 644 966 672 cum
987 644 1084 689 quo
1107 627 1333 672 amicitias
1350 628 1592 691 copularat
1609 626 1719 691 [tra-

310 703 440 764 jecit3
468 718 610 764 quem
634 702 823 765 agrum]
847 704 1041 749 minime
1056 702 1204 748 voluit
1227 704 1521 765 conquirere.
1545 707 1717 749 Verum

312 778 546 841 aliquibus
580 780 723 842 ipsius
753 789 884 824 terrae
917 780 1152 825 ssarrensis
1182 778 1436 839 nobilium,
1472 780 1579 842 qui,
1610 795 1716 824 cum

311 855 430 900 duce
467 855 774 917 Lotharingiae
807 856 948 919 paulo
981 866 1088 902 ante
1125 867 1294 902 terram
1332 857 1718 918 Luxemburgen-

310 949 407 977 sem
430 932 717 995 popularant
743 933 1067 995 nonnullaque
1089 943 1239 978 castra
1265 943 1309 979 et
1334 933 1463 978 villas
1483 949 1587 978 suas
1612 950 1715 978 cre-

310 1020 577 1067 maverant,
604 1011 752 1055 vicem
777 1010 1063 1073 rependenS,
1091 1010 1301 1055 similiter
1328 1020 1476 1055 castra
1509 1021 1554 1055 et
1586 1010 1716 1056 villas

308 1102 472 1131 eorum
497 1087 544 1131 in
571 1087 748 1132 cineres
771 1086 900 1132 dedit
919 1096 1057 1149 atque
1084 1087 1313 1143 incendit3
1339 1086 1541 1147 indeque
1562 1088 1607 1132 in
1632 1090 1717 1132 Lo—

309 1163 587 1224 tharingiam
606 1163 838 1224 trajiciens
856 1201 865 1218 ,
885 1179 1017 1225 aqua
1041 1163 1135 1207 dux
1152 1173 1251 1207 tum
1272 1162 1440 1207 absens
1457 1173 1580 1219 erat,
1604 1181 1712 1209 cum

305 1256 408 1284 eam
444 1239 770 1284 defensoribus
798 1255 992 1284 vacuam
1018 1238 1274 1293 inveniret,
1303 1247 1347 1283 et
1381 1239 1489 1283 satis
1523 1255 1715 1284 securus

307 1326 515 1361 maneret
537 1333 562 1361 a
582 1333 687 1376 rege
712 1319 999 1360 Francorum
1022 1314 1270 1360 conatibus
1292 1315 1386 1360 suis
1404 1315 1715 1378 impedimen—

306 1401 404 1436 tum
441 1409 537 1437 non
570 1393 798 1455 praestari,
825 1391 1002 1453 absque
1037 1406 1207 1451 magno
1238 1392 1426 1452 negotio
1458 1401 1631 1451 totam,
1665 1393 1711 1438 in

305 1469 486 1514 minore
510 1486 653 1531 quam
676 1470 817 1514 trium
841 1470 1072 1514 mensium
1096 1469 1289 1531 spatio¹,
1311 1469 1356 1513 in
1382 1484 1516 1514 suam
1533 1468 1714 1530 redegit

299 1545 542 1590 ditionem.

368 1622 523 1667 Nullas
547 1622 740 1684 quidem
779 1632 857 1667 aut
894 1623 1191 1668 brevissimas
1230 1622 1502 1667 obsidiones
1539 1622 1711 1685 oppida

304 1699 461 1761 patriae
484 1699 832 1756 sustinuerunt,
863 1709 1027 1762 praeter
1042 1703 1337 1761 lN'anceyum,
1363 1699 1485 1743 intra
1508 1699 1638 1760 quod
1663 1715 1711 1743 se

302 1774 557 1820 multitudo
576 1775 835 1821 nobilitatis
852 1776 1011 1838 patriae
1031 1777 1297 1822 recluserat.
1325 1777 1382 1821 Et
1405 1790 1491 1820 nec
1518 1773 1707 1836 quiden}

301 1867 382 1912 per
404 1851 637 1912 integrum
662 1868 872 1897 mensem
898 1851 1221 1898 defensionem
1252 1860 1601 1915 opposuerunt3
1629 1851 1708 1896 sed

298 1943 406 1972 cum
424 1928 636 1973 viderent
655 1945 680 1974 a
698 1944 785 1973 suo
803 1927 923 1973 duce
942 1929 1166 1974 auxilium
1190 1927 1477 1991 sperandum
1502 1926 1590 1973 sibi
1609 1943 1704 1972 non

298 2019 420 2061 esse,
448 2013 710 2050 metuentes
731 2005 1127 2067 expugnationem
1152 2005 1224 2050 vel
1250 2004 1531 2065 iniquiores,
1554 2003 1590 2047 si
1609 2003 1705 2048 diu-

299 2081 388 2124 tius
428 2081 797 2139 reluctarentur,
840 2082 961 2143 leges
999 2098 1046 2127 se
1084 2082 1344 2142 subituros,
1386 2083 1701 2139 deditionem,

299 2157 392 2201 suis
419 2158 557 2204 rebus
582 2169 625 2204 et
650 2159 809 2221 patria·
834 2158 1130 2204 libertatibus
1153 2159 1310 2217 salvis,
1339 2160 1549 2205 fecerunt
1567 2161 1605 2217 ²,
1633 2170 1704 2205 at-

297 2247 388 2293 que
409 2232 607 2279 hominii
631 2245 676 2280 et
701 2234 950 2292 fidelitatis,
979 2245 1204 2298 tanquam
1228 2252 1313 2280 suo
1341 2236 1565 2298 principi,
1592 2237 1702 2280 Bur-

294 2325 351 2370 gu
360 2309 589 2355 ndionum
605 2312 713 2357 duci
730 2313 1042 2375 praestiterunt
1058 2310 1704 2374 sacramenta.Fabul[ab]an-

295 2396 368 2431 tur
390 2388 546 2444 multi,
575 2389 689 2434 dum
708 2390 806 2435 haec
826 2391 873 2435 in
897 2390 1198 2452 Lotharingia
1221 2401 1484 2452 agerentur,
1511 2389 1634 2434 varia
1657 2398 1699 2433 et

292 2464 500 2521 diversa,
528 2475 668 2526 prout
690 2469 1015 2530 unusquisque
1044 2468 1115 2513 vel
1142 2469 1187 2512 in
1219 2468 1356 2526 lianc,
1393 2467 1466 2512 vel
1495 2468 1541 2511 in
1575 2466 1697 2512 illam

293 2550 467 2602 partem
495 2541 730 2587 studiosus
752 2546 908 2605 potius
935 2554 1031 2589 erat
1054 2561 1135 2590 seu
1158 2544 1378 2590 affectus:
1405 2544 1480 2590 alii
1506 2547 1699 2588 Franco-

346 2725 381 2759 i.
417 2726 469 2759 De
492 2723 524 2759 la
545 2722 835 2771 ini-septembre
860 2726 879 2758 a
900 2724 933 2759 la
954 2725 1002 2759 lin
1025 2724 1071 2760 dc
1094 2725 1302 2761 novembre
1328 2727 1436 2762 1475.

345 2788 379 2816 2.
416 2785 466 2817 Le
491 2784 537 2816 :30
558 2781 765 2817 novembre
788 2785 902 2817 1475.
