1923 3020
700 213 841 246 LIBER
882 212 1121 257 QUARTUS.
1534 212 1606 245 343

214 300 496 346 Audernaci¹
534 299 790 345 collocatus
825 309 943 344 esset
980 315 1121 362 supra
1162 300 1312 362 ripam
1344 298 1520 354 Rheni,
1553 315 1606 343 ex

213 376 430 438 opposito
456 374 629 420 obsessi
656 375 818 438 oppidi
847 377 964 419 Lina:
983 378 1010 430 ²,
1052 376 1184 420 irruit
1217 376 1264 420 in
1288 391 1369 420 eos
1392 373 1609 437 quaedam

212 462 365 497 turma
388 452 601 513 equitum
624 451 1038 514 Burgundionum,
1072 452 1151 513 qui
1180 452 1362 497 circiter
1383 450 1611 496 ducentos

211 544 265 572 ex
283 527 393 590 ipsis
414 526 714 583 occiderunt3
740 527 863 572 unde
884 527 1036 572 luctus
1058 544 1253 588 magnus
1277 537 1322 572 et
1342 526 1540 587 ejulatus
1564 527 1610 572 in

215 602 491 648 Andernaco
516 603 616 648 fuit.

278 679 422 720 Porro
452 676 730 722 adveniente
767 687 1034 737 treugarum
1073 675 1166 721 fine
1204 693 1323 739 quae,
1363 678 1427 722 uti
1451 676 1611 722 retuli·

211 768 340 809 mus,
375 752 537 798 ultima
571 753 645 798 die
677 754 834 816 aprilis
865 753 975 799 anni
1017 769 1347 798 M.cccc.1,xxv.
1384 753 1614 799 finieban-

211 838 302 886 tur,
325 844 565 890 aggressus
582 839 650 874 est
666 833 953 875 Francorum
978 845 1054 874 rex
1078 831 1185 874 cu'm
1205 846 1372 890 magua
1396 840 1440 874 et
1464 830 1615 876 valida

211 922 355 951 manu
387 905 581 952 diversis
607 923 659 951 ex
687 906 898 970 pat-tibus
930 906 1185 960 incursare,
1211 906 1425 967 subigere
1449 917 1493 952 et
1514 925 1615 953 vas-

211 993 307 1028 tare
331 992 477 1029 terras
502 983 635 1029 ducis
660 983 953 1045 Burgundiae.
981 986 1164 1027 Etcum
1188 983 1274 1045 ipsi
1295 983 1403 1028 duci
1421 995 1614 1046 perante

212 1058 461 1105 foederatus
493 1060 737 1106 exstitisset
771 1060 864 1105 dux
897 1059 1224 1120 Lotharingiae,
1264 1059 1385 1104 filius
1417 1062 1612 1116 Ferrici,

211 1137 394 1181 comitis
418 1137 477 1183 de
512 1137 872 1194 Vauclesmons³,
916 1137 1052 1198 eique
1081 1136 1387 1198 jurisjurandi
1424 1139 1612 1184 vinculo

211 1213 320 1258 satis
352 1223 478 1258 arcte
501 1214 816 1270 constrictuffl,
856 1211 1128 1258 sollicitatus
1152 1230 1236 1276 per
1257 1230 1432 1276 regem,
1460 1216 1613 1260 statim

213 1299 351 1353 rupto
371 1290 562 1345 foedere,
585 1290 727 1336 veluti
747 1289 807 1334 de
821 1298 942 1334 statu
968 1289 1100 1335 ducis
1128 1290 1405 1352 Burgundiae
1424 1309 1613 1355 prorsus

211 1364 481 1427 desperans,
516 1374 560 1410 et
585 1374 810 1427 tanquam
838 1365 1126 1427 impossibile
1157 1367 1426 1413 existimans
1458 1368 1612 1430 ipsum

213 1447 277 1483 tot
308 1438 537 1497 hostium,
576 1448 692 1501 quot
719 1449 819 1484 tum
854 1438 942 1483 sibi
976 1439 1310 1499 imminebant,
1339 1457 1364 1486 e
1395 1442 1614 1487 manibus

211 1514 330 1559 elabi
354 1531 520 1578 posse,
548 1532 656 1561 cum
677 1525 800 1560 certa
825 1525 957 1578 parte
984 1517 1229 1579 copiarum
1249 1518 1369 1577 regis
1392 1517 1613 1564 invadere

211 1593 350 1656 coepit
391 1603 564 1639 terram
593 1592 1053 1656 Luxemburgensem
1072 1631 1083 1653 ,
1121 1595 1230 1656 igne
1261 1604 1307 1640 et
1330 1595 1452 1640 ferro
1488 1612 1614 1641 non—

212 1668 362 1715 nullas
385 1669 516 1716 villas
541 1679 585 1716 et
610 1670 798 1716 castella
820 1671 966 1734 ipsius
991 1670 1270 1733 populatus,
1299 1687 1408 1716 cum
1437 1672 1482 1716 in
1515 1672 1615 1734 ipsa

213 1757 334 1793 terra
350 1749 479 1794 nulla
496 1748 708 1811 praesidia
732 1748 931 1794 militum
951 1749 1340 1811 Burgundionum
1357 1750 1453 1795 dux
1469 1750 1615 1795 collo-

210 1835 387 1884 casset,
427 1825 509 1871 sed
540 1825 871 1888 undecumque
908 1825 1154 1888 quomodo
1182 1835 1429 1888 potuerat,
1469 1826 1529 1871 ad
1566 1843 1615 1872 se

211 1902 528 1947 contraxisset.
570 1902 705 1948 Unde
740 1903 872 1948 facile
906 1913 1002 1948 erat
1039 1903 1124 1966 ipsi
1158 1903 1266 1948 duci
1304 1902 1613 1963 Lotliaringiae

211 1987 350 2039 atque
371 1979 573 2037 Francis,
600 1980 681 2042 qui
705 1997 752 2025 se
779 1979 866 2025 sibi
890 1981 938 2025 in
960 1996 1108 2024 unum
1125 1979 1484 2041 conjunxerant,
1500 1979 1546 2024 in
1560 1995 1612 2024 ea

213 2065 358 2117 parte,
387 2056 467 2101 ubi
501 2056 656 2102 nullus
692 2056 750 2102 ad
787 2056 1099 2102 resistendum
1124 2055 1290 2100 obvius
1315 2054 1609 2111 occurrebat,

213 2148 298 2194 pro
324 2132 457 2178 libito
488 2149 642 2193 agere.
679 2136 734 2178 Et
758 2140 882 2178 certe
900 2132 1089 2195 plurimi
1109 2131 1326 2179 admirati
1351 2141 1476 2190 sunt,
1504 2148 1612 2177 cum

212 2217 337 2254 tanta
361 2209 447 2254 sibi
474 2209 751 2272 subjiciendi
779 2219 948 2254 terram
975 2207 1127 2267 illam,
1166 2208 1491 2254 defensoribus
1525 2225 1612 2253 nu-

265 2325 302 2359 1.
333 2323 574 2362 Andernach.

264 2384 301 2418 2.
333 2383 423 2420 Linz
440 2391 494 2420 est
513 2396 558 2420 en
579 2384 669 2420 esset
688 2396 752 2420 sur
772 2383 806 2420 la
825 2383 905 2420 rive
926 2382 1046 2419 droite
1066 2381 1117 2418 du
1137 2381 1252 2418 Rhin.

266 2444 301 2479 3.
332 2443 451 2488 Rene,
475 2442 530 2479 fils
551 2442 598 2479 de
618 2445 734 2493 Ferry
752 2443 798 2480 de
814 2443 1063 2488 Vaudemont‚
1086 2441 1222 2492 appele
1239 2444 1260 2478 ἰὶ
1281 2441 1315 2478 la
1332 2441 1549 2478 succession
1566 2440 1613 2478 de

210 2499 413 2545 Lorraine,
435 2513 481 2537 en
507 2503 623 2548 1473,
647 2502 757 2551 apres
776 2501 812 2538 la
834 2510 932 2538 mort
954 2501 1000 2537 de
1019 2501 1188 2548 Nicolas,
1211 2515 1278 2538 son
1297 2502 1443 2538 cousin.

264 2561 301 2596 4.
334 2559 362 2596 11
383 2560 503 2597 s'etait
521 2561 686 2611 engage,
709 2561 761 2597 lui
781 2569 817 2597 et
841 2569 941 2598 toute
962 2561 997 2598 la
1020 2560 1196 2598 noblesse
1215 2561 1262 2599 de
1287 2574 1352 2598 son
1378 2559 1522 2606 duchc,
1545 2573 1614 2610 par

210 2616 336 2655 lettres
363 2631 410 2655 en
437 2619 520 2656 date
544 2619 594 2656 du
626 2620 668 2656 18
695 2632 785 2658 nov.
809 2622 923 2658 1473.
947 2623 992 2657 D.
1014 2620 1215 2666 Plancher‚
1240 2621 1401 2655 Histoire
1423 2620 1470 2654 de
1490 2621 1609 2655 Bour-

209 2691 341 2726 gogne,
363 2685 388 2714 t.
411 2681 475 2724 IV,
497 2691 680 2728 preuves,
698 2679 771 2717 col.
796 2681 885 2717 347.
