1923 3020
327 199 400 234 324
688 193 1025 229 HISTORIARUM
1052 193 1289 228 LUDOVICI
1313 194 1367 227 XI

325 300 550 350 germano
576 279 787 343 ejusdem
812 280 995 326 domini
1012 280 1350 337 'I‘reverensis¹,
1379 278 1569 323 advenit
1590 295 1732 340 eques

327 358 717 421 Burgundionum
739 357 852 415 dux,
883 365 1108 414 armatus,
1129 356 1331 420 plurima
1352 356 1464 401 item
1482 370 1733 418 procerum

324 447 368 483 et
393 435 625 481 nobilium
648 434 1118 495 domesticorumque
1142 449 1336 477 suorum
1359 431 1497 478 turba
1519 429 1729 475 vallatus

324 513 416 569 Qui
446 528 557 557 cum
589 528 675 557 suo
712 510 939 557 comitatu
976 526 1085 556 cum
1114 508 1316 572 plateam
1351 508 1423 554 bis
1455 517 1536 554 aut
1579 516 1646 552 ter
1687 506 1733 551 in

323 590 500 635 circum
528 589 844 653 adequitasset
871 586 1023 651 (quod
1046 587 1094 631 in
1138 585 1308 631 talibus
1344 584 1635 631 solemnibus
1663 585 1734 629 in-

323 668 558 714 vestituris
605 668 751 713 moris
783 683 881 713 esse
919 664 1158 727 aiebant),
1187 663 1479 710 descendens
1515 663 1574 709 de
1613 680 1737 726 equo

325 754 369 791 et
400 762 484 808 per
520 745 694 808 gradus
729 744 1016 802 ascendens,
1056 752 1164 788 ante
1191 751 1498 805 conspectum
1524 744 1738 787 Caesareae

324 821 566 884 dignitatis
606 822 666 869 ad
698 838 852 885 genua
884 838 931 867 se
965 820 1229 884 prorolvss,
1261 819 1441 865 habens
1470 819 1618 881 juxta,
1658 819 1739 881 qui

326 899 492 946 vexilla
512 916 611 959 sua,
641 900 689 945 in
711 899 884 963 quibus
907 914 1037 944 arma
1061 897 1262 942 Geldriae
1285 896 1576 958 aliarumque
1597 906 1740 942 terra·

328 995 434 1024 rum
461 988 505 1024 et
530 977 858 1023 dominiorum
882 992 1079 1021 suorum
1110 975 1236 1037 picta
1263 983 1413 1030 eraut,
1449 974 1495 1017 in
1523 972 1741 1018 manibus

327 1064 602 1101 tenuerunt.
629 1057 682 1099 Et
702 1064 814 1099 tune
839 1054 896 1098 ad
919 1068 1070 1114 genua
1089 1051 1359 1107 advolutus,
1380 1050 1579 1096 hominii
1603 1060 1743 1113 atque

330 1133 565 1179 fidelitatis
586 1142 935 1178 sacramentum
969 1129 1264 1184 submissius,
1292 1144 1436 1190 quam
1462 1127 1522 1173 ab
1545 1129 1637 1186 his,
1663 1129 1744 1191 qui

328 1210 573 1275 paululum
595 1210 845 1255 distantius
868 1206 1133 1265 adstabant,
1160 1205 1313 1250 audiri
1335 1205 1589 1268 potuisset⁷
1619 1222 1745 1268 prae—

327 1288 459 1345 stitit,
487 1297 627 1349 atque
661 1286 718 1331 de
743 1285 870 1331 dicto
895 1284 1071 1330 ducatu
1095 1282 1296 1328 Geldriae
1315 1282 1575 1328 solemnem
1599 1283 1748 1328 inves-

332 1366 525 1411 tituram
548 1363 746 1426 accepit.

395 1446 501 1499 Quo
524 1442 671 1498 facto⁷
702 1441 963 1503 imperator
991 1455 1098 1484 cum
1131 1439 1225 1484 suis
1250 1438 1447 1484 decessit
1472 1455 1498 1483 a
1522 1437 1746 1501 praedicto

333 1520 455 1566 duce
481 1516 893 1580 Burgundionum,
935 1516 1123 1578 suisque
1149 1515 1208 1562 ad
1240 1515 1469 1579 palatium
1493 1532 1632 1560 suum
1658 1515 1748 1560 ho-

339 1595 534 1642 norifice
558 1597 766 1641 sociatus
793 1592 984 1658 [rediit].

824 1835 1163 1879 CAPITULUM
1199 1836 1275 1879 IX.

337 1974 542 2016 Quomodo,
563 1987 640 2007 cum
660 1982 783 2008 cuncta
802 1982 993 2020 praeparata
1012 1974 1155 2007 fuissent
1174 1974 1218 2007 ad
1239 1974 1500 2008 sublimandum
1520 1973 1643 2008 ducem
1663 1976 1750 2008 Bur·

385 2027 524 2073 gundiae
544 2028 579 2060 in
600 2040 735 2073 regem,
762 2027 877 2060 subito
899 2028 1104 2073 imperator,
1129 2041 1165 2061 re
1187 2028 1334 2070 insecta,
1357 2041 1428 2062 non
1450 2026 1620 2061 valedicto
1639 2027 1750 2061 eidem

385 2081 480 2123 duci,
500 2094 539 2114 ex
557 2081 703 2115 Treveri
721 2080 900 2114 descendit
920 2080 964 2114 ad
981 2081 1144 2114 Rhenum
1160 2082 1186 2114 ².

404 2222 542 2265 Facta
579 2230 738 2266 autem
762 2219 985 2284 praedicta
1011 2220 1210 2265 solemni
1246 2221 1536 2278 investitura,
1574 2237 1627 2267 ea
1653 2237 1749 2266 non

342 2305 594 2342 contentus
631 2298 758 2343 idem
782 2314 934 2342 novus
974 2297 1174 2343 Geldriae
1206 2297 1318 2357 dux,
1348 2300 1395 2343 in
1429 2315 1587 2360 regem
1611 2299 1751 2344 etiam

342 2373 734 2435 Burgundionum
763 2384 811 2419 ut
835 2374 1184 2432 sublimaretur,
1214 2385 1257 2420 et
1277 2392 1476 2437 reguum
1501 2375 1614 2420 illud
1636 2375 1752 2420 anti-

341 2468 489 2515 quum
521 2451 814 2511 Burgundiae‚
842 2468 926 2514 per
952 2452 1121 2498 multas
1142 2453 1412 2516 principum
1434 2452 1752 2498 successiones

395 2603 430 2637 1.
465 2601 658 2650 L’evecliie
679 2599 726 2637 de
747 2602 843 2636 Metz
862 2601 951 2637 etait
974 2602 1073 2639 alors
1102 2604 1273 2655 Georges
1295 2604 1341 2641 de
1361 2604 1477 2641 Bade.

395 2662 431 2697 2.
458 2661 635 2712 Chapitoe
653 2661 829 2711 imprime
845 2660 938 2698 dans
960 2661 1232 2710 l'Amplissinm
1246 2666 1421 2709 collectio,
1442 2672 1466 2699 t.
1486 2664 1551 2706 lv,
1567 2661 1638 2698 col.
1660 2663 1749 2700 769.
