1923 3020
280 256 329 290 ⁶0
639 253 973 289 HISTORIARUM
1003 253 1237 288 LUDOVICI
1266 254 1320 288 XI

279 342 471 401 tarent),
503 350 548 384 ut
573 340 693 385 intra
719 339 855 384 unius
877 338 1004 383 horae
1031 339 1233 401 spatium
1257 340 1484 402 superatis
1509 343 1673 385 moeni-

278 416 362 460 bus
408 426 451 460 et
498 415 640 472 vallo,
687 415 908 460 districtis
954 414 1119 476 gladiis
1163 424 1206 459 et
1247 413 1575 473 mucronibus,
1619 415 1678 461 (le

277 491 630 537 contumeliosis
653 508 706 537 ac
734 490 1076 554 provocacibus
1106 491 1336 554 supplicia
1364 492 1673 553 sumpserint,

277 567 496 612 omnibus
522 568 629 613 viris
653 568 732 630 qui
760 568 804 612 in
832 566 1010 630 oppido
1036 577 1168 612 erant
1194 568 1320 612 caesis
1345 577 1425 612 aut
1448 567 1506 613 ab
1530 568 1676 613 hosti-

278 644 364 689 bus
382 645 547 708 captis,
569 654 708 707 atque
725 661 889 689 eorum
910 644 1133 690 domibus
1150 654 1195 689 et
1213 645 1470 691 substantia
1487 663 1676 709 prorsus

280 722 487 785 direptis.

341 800 483 855 Quod
508 816 616 845 cum
644 815 809 844 eorum
834 798 969 843 vicini
997 797 1055 842 de
1081 799 1240 843 Sereto
1266 798 1478 844 castello¹
1500 816 1677 861 cogno-

278 877 474 932 vissent,
510 885 578 934 et,
615 875 735 920 duce
773 875 970 919 militum
1004 873 1250 919 Gallorum
1284 884 1467 919 vetante
1502 892 1559 921 ne
1592 876 1676 939 ipsi

277 971 413 999 suum
433 952 785 1008 suburbanum,
816 952 861 996 in
887 968 982 1013 quo
1007 951 1114 996 satis
1142 950 1339 996 honesta
1364 961 1496 996 erant
1518 951 1677 1014 hospi-

277 1034 360 1090 tia,
388 1032 717 1090 incenderent,
751 1041 914 1077 contra
947 1031 1139 1075 vetitum
1171 1031 1255 1093 ipsi
1286 1046 1339 1075 ea
1373 1030 1677 1076 nibilominus

278 1117 655 1154 concremassent
686 1111 697 1167 ζ
713 1116 925 1170 putantes
952 1122 998 1150 se
1022 1123 1159 1150 suum
1179 1105 1408 1169 oppidum
1434 1123 1570 1169 posse
1595 1123 1679 1170 per

279 1185 372 1230 hoe
396 1184 697 1243 defendere),
726 1181 1082 1227 advenientibus
1109 1181 1356 1238 militibus,
1386 1181 1504 1227 adeo
1529 1192 1677 1228 exter-

278 1262 350 1307 riti
383 1271 485 1306 sunt
519 1259 692 1315 effecti,
724 1268 771 1303 ut
805 1258 863 1302 de
894 1257 1205 1321 repugnando
1234 1257 1448 1303 hostibus
1487 1258 1678 1304 minime

278 1338 375 1382 ausi
410 1338 499 1381 sint
531 1336 751 1396 cogitare.
788 1333 945 1390 Unde,
988 1350 1046 1377 ne
1078 1333 1261 1378 cladem
1296 1333 1456 1379 vicinis
1491 1335 1584 1379 suis
1619 1335 1678 1380 de

283 1413 461 1458 Volone
497 1411 693 1456 similem
729 1410 960 1468 subirent,
1001 1410 1124 1455 illico
1162 1410 1252 1455 loci
1284 1411 1352 1455 sui
1389 1410 1678 1457 deditionem

280 1490 444 1547 fecere,
464 1506 489 1534 a
513 1489 631 1534 duce
652 1488 852 1533 militum
874 1489 921 1533 in
942 1498 1144 1549 quatuor
1165 1487 1368 1533 millibus
1388 1489 1678 1535 florenorum

280 1567 504 1622 nmlctati,
535 1582 620 1629 pro
645 1582 701 1611 eo
727 1565 874 1628 quod,
903 1575 1068 1611 contra
1096 1566 1194 1627 ejus
1221 1564 1539 1626 interdictum,
1567 1567 1679 1612 sub-

280 1643 456 1688 urbana
474 1659 557 1689 sua
574 1653 746 1687 temere
765 1652 810 1687 et
829 1642 927 1687 sine
945 1643 1103 1704 aliquo
1125 1642 1276 1688 fructu
1293 1641 1675 1689 combussissent.

343 1723 393 1764 In
414 1720 720 1783 Ampuritano
741 1728 898 1764 autem
923 1719 1136 1764 similiter
1157 1720 1317 1763 onmia
1342 1735 1470 1782 paene
1495 1720 1680 1765 castella

280 1797 351 1843 vel
386 1798 427 1842 vi
459 1797 531 1843 vel
568 1797 806 1842 deditione
844 1806 1149 1860 receperunt,
1178 1796 1241 1841 sic
1264 1795 1394 1858 quod
1427 1806 1547 1841 terra
1576 1796 1675 1853 illa,

278 1891 379 1936 quae
404 1874 544 1936 paulo
565 1883 673 1919 ante
700 1872 833 1919 valde
858 1863 987 1918 diw's
1010 1883 1053 1918 et
1078 1873 1299 1936 opulenta
1324 1872 1487 1931 fuerat,
1511 1890 1679 1935 magna

279 1969 334 1997 ex
361 1962 490 2014 parte
516 1952 586 1997 vel
619 1952 744 1997 caesis
774 1952 842 1996 vel
875 1951 1132 2014 profligatis
1160 1950 1364 2008 colonis,
1398 1951 1443 1995 in
1473 1950 1677 2014 praedam

279 2037 324 2072 et
345 2027 657 2090 direptionem
685 2027 898 2072 hostibus
919 2028 1079 2084 cess'113
1108 2044 1226 2089 quos
1248 2036 1356 2072 aute
1381 2036 1507 2072 tanta
1526 2036 1682 2073 tenue-

279 2113 347 2148 rat
371 2104 586 2165 superbia
615 2114 661 2149 ut
681 2105 924 2150 Gallorum
947 2103 1267 2149 desiderarent
1290 2103 1562 2162 adventum,
1583 2120 1678 2166 quo

279 2179 338 2225 de
363 2181 471 2242 ipsis
494 2191 667 2244 tropzra
691 2183 941 2245 concupita
966 2190 1276 2244 reportarent.

347 2256 557 2302 Liberata
582 2259 735 2320 igitur,
762 2270 813 2304 ut
837 2259 1054 2314 diximus,
1086 2259 1262 2319 regina,
1291 2258 1511 2304 omnibus
1536 2258 1680 2305 serme

280 2333 477 2378 castellis
505 2335 795 2397 :Xnipuritani
823 2336 1018 2399 receptis
1050 2344 1093 2380 et
1123 2335 1209 2380 sub
1241 2336 1357 2396 regis
1387 2335 1456 2379 sui
1484 2335 1681 2381 redactis

281 2418 589 2472 potestatem,
630 2410 782 2469 junxit
828 2427 875 2455 se
915 2411 1158 2455 Gallorum
1204 2412 1424 2456 exercitui
1467 2428 1543 2456 rex
1585 2411 1681 2474 ipse

282 2491 568 2549 Aragonum,
593 2486 731 2531 simul
753 2497 793 2530 et
817 2488 913 2549 ipsa
933 2489 1109 2550 regina,
1134 2488 1303 2550 quibus
1324 2488 1440 2533 Galli
1462 2488 1549 2551 ipsi
1571 2498 1682 2533 tunc

283 2563 567 2617 militabant,
600 2561 681 2608 sed
707 2579 814 2607 cum
843 2580 985 2625 parva
1012 2565 1211 2610 nimium
1238 2580 1398 2610 manu.
1428 2567 1529 2609 Non
1555 2565 1680 2610 enim

343 2737 378 2771 1.
411 2738 462 2772 Le
482 2734 640 2772 chateau
660 2734 705 2772 de
723 2735 846 2773 Ceret.
