1923 3020
317 262 366 296 34
671 262 1006 298 HISTORIARUM
1035 263 1265 299 LUDOVICI
1295 265 1349 298 XI

314 348 582 394 abolitionis
601 347 873 410 hujusmodi
895 349 1207 410 vectigalium,
1234 352 1461 410 consequi
1486 350 1710 412 putabant

314 424 621 470 abolitionem
662 435 707 470 et
745 426 1125 488 suppressionem
1166 424 1432 470 officiorum
1479 442 1607 488 quae,
1650 427 1713 472 ob

310 501 581 563 hujusmodi
616 501 790 546 tributa
825 510 869 546 et
903 501 1142 562 vectigalia
1177 501 1466 564 colligenda,
1505 503 1711 549 instituta

311 579 484 635 forent3
518 577 578 624 ad
602 595 649 623 se
672 594 862 640 quoque
888 578 1123 623 transferri
1152 577 1459 638 tributorum,
1492 596 1594 642 quae
1626 580 1713 625 im-

310 654 532 717 ponenda
565 663 737 713 essent,
775 653 1125 713 collectionem,
1161 671 1406 700 causarum
1444 672 1634 718 quoque
1669 665 1714 700 et

309 732 477 790 litium,
499 748 601 794 quae
619 732 728 777 inde
750 731 1000 789 orirentur,
1022 732 1354 778 deductionem
1381 732 1440 778 ad
1473 733 1712 778 ordinaria

309 808 580 868 tribunalia,
619 809 666 853 in
704 807 874 870 quibus
905 808 1055 853 solent
1089 809 1351 870 postulare,
1385 809 1568 854 devolvi
1607 826 1710 872 spe—

308 895 481 931 rantes.

375 962 507 1008 Unde
540 979 592 1007 ex
618 961 740 1006 dicta
764 962 1003 1007 parisiensi
1029 961 1159 1020 urbe,
1187 964 1234 1007 in
1264 979 1357 1024 qua
1382 963 1559 1010 dictum
1594 966 1711 1026 regis

310 1055 588 1103 responsum
625 1049 924 1102 acceperant,
960 1039 1007 1083 in
1037 1055 1165 1083 suam
1198 1041 1369 1085 reversi
1395 1042 1708 1103 provinciam,

314 1117 358 1161 in
381 1117 585 1180 quadam
610 1116 970 1177 congregatione
992 1116 1149 1160 Trium
1173 1117 1385 1162 Statuuin
1409 1119 1582 1181 patriae,
1611 1134 1712 1179 quae

311 1209 451 1256 super
475 1190 607 1255 [hoc]
634 1191 912 1251 Rothomagi
937 1189 1165 1235 celebrata
1192 1191 1297 1250 fuit,
1326 1191 1398 1237 his
1425 1193 1505 1255 qui
1531 1193 1589 1238 (le
1615 1203 1712 1239 tota

313 1271 554 1333 provincia
582 1268 663 1313 illo
695 1278 1039 1327 convenerant,
1071 1284 1229 1329 regem
1258 1270 1440 1330 magnis
1470 1271 1712 1332 praeconiis

313 1347 524 1392 attollere
539 1355 583 1391 et
593 1344 844 1409 praedicare
856 1354 1118 1408 coeperunt:
1133 1344 1712 1408 quodomniahujusmodi

317 1424 609 1484 vectigalium
630 1438 816 1485 genera,
841 1431 886 1467 et
901 1438 985 1485 per
1004 1421 1096 1466 hoc
1117 1420 1287 1479 officia,
1313 1438 1416 1484 quae
1437 1422 1711 1468 eorumdem

315 1501 562 1546 occasione
586 1500 738 1564 posita
758 1509 911 1545 essent
931 1499 1000 1560 (ut
1025 1498 1300 1557 electorum,
1324 1500 1710 1559 granetariorum,

315 1580 631 1641 receptorum¹
662 1587 1030 1637 cteterorumque
1057 1575 1253 1637 hujusce
1278 1575 1528 1638 impietatis
1554 1577 1712 1621 minis·

314 1654 531 1716 trorum),
558 1653 722 1699 tollere
751 1663 888 1716 atque
912 1651 1102 1698 abolere
1126 1651 1242 1697 velle
1267 1651 1475 1709 dixisset,
1503 1661 1641 1714 atquc
1666 1653 1712 1696 in

314 1746 479 1774 eorum
508 1729 699 1775 arbitrio
731 1740 775 1775 et
805 1728 1048 1774 voluntate
1080 1744 1309 1791 reponere
1336 1743 1430 1790 quo
1457 1727 1603 1772 modo
1634 1744 1713 1790 pe-

312 1807 499 1852 cuniam
526 1823 618 1869 qua
642 1823 762 1870 opus
784 1805 1001 1863 haberet,
1030 1815 1075 1850 et
1099 1820 1193 1867 qua
1217 1804 1386 1862 forma,
1415 1820 1467 1849 ac
1491 1820 1573 1866 per
1596 1819 1714 1865 quos

316 1882 539 1930 officiales
573 1901 652 1929 seu
677 1884 915 1928 ministros
947 1881 1102 1944 colligi
1126 1890 1170 1926 et
1193 1881 1335 1926 levari
1358 1880 1545 1925 vellent.
1577 1882 1714 1924 Cum-

317 1976 407 2021 que
437 1959 800 2024 simplicioribus
826 1959 942 2004 inibi
966 1957 1193 2015 collectis,
1221 1957 1342 2002 mala
1366 1956 1564 2019 plurima
1591 1965 1713 2000 retu-

316 2036 471 2082 lissent
494 2053 595 2099 quae
621 2054 701 2101 per
730 2037 881 2082 dictos
910 2035 1103 2095 electos,
1139 2033 1425 2096 granetarios
1452 2048 1713 2093 eorumque

315 2112 552 2159 ministros
576 2114 673 2159 fieri
697 2113 832 2158 solita
856 2122 1030 2169 essent,
1057 2121 1102 2156 ct
1126 2110 1357 2174 praecipue
1381 2107 1569 2154 eosdem
1598 2108 1714 2152 insi-

317 2188 545 2234 ululantes
577 2189 777 2250 graviter
808 2189 962 2251 quod,
997 2204 1136 2250 supra
1169 2202 1403 2231 summam
1437 2201 1519 2247 per
1558 2200 1713 2245 regem

316 2264 581 2325 impositam
612 2265 884 2327 jussamque
916 2264 1058 2309 levari
1090 2278 1229 2327 super
1261 2261 1480 2326 patriam,
1522 2260 1565 2303 in
1602 2270 1713 2304 tan-

316 2340 526 2385 tumdem
556 2343 627 2386 vel
657 2342 857 2405 amplius
888 2341 972 2404 ipsi
1006 2341 1205 2403 patriam
1237 2337 1489 2401 quotannis
1524 2351 1714 2397 gravare

316 2426 641 2473 consuessent,
669 2428 713 2462 ct
734 2435 816 2480 per
837 2418 954 2475 hoc,
982 2434 1034 2462 cx
1057 2417 1244 2480 publica
1266 2415 1429 2480 populi
1452 2413 1712 2459 calamitate

317 2495 566 2558 patrizequc
597 2494 955 2555 exspoliatione,
990 2495 1114 2557 ipsos
1148 2493 1428 2538 tributorum
1465 2490 1708 2545 officiales,

317 2572 362 2615 in
387 2571 545 2633 paucis
570 2570 704 2615 annis
729 2568 898 2631 opibus
923 2579 1200 2626 crescentes,
1228 2569 1392 2614 dix'ites
1415 2576 1556 2629 atque
1583 2565 1711 2610 locu-

370 2752 401 2785 1.
439 2768 453 2781 u
481 2752 549 2784 Les
570 2749 764 2785 ol'lices....
790 2745 924 2792 d'elus,
944 2745 989 2780 de
1015 2747 1237 2795 grenetiers,
1259 2747 1305 2782 de·
1325 2758 1538 2785 receveurs.
1561 2762 1574 2775 »
