1923 3020
705 223 849 257 LIBER
877 221 1103 267 QUINTUS.
1530 219 1602 254 367

629 500 825 550 LIBER
870 499 1176 557 QUINTUS.

537 843 921 887 CAPtTULUM
979 842 1256 886 PRIMUM.

262 981 313 1013 De
329 979 489 1026 turpibus
507 988 539 1013 et
555 979 681 1024 iniquis
698 978 807 1024 pactis
824 986 856 1011 et
872 977 1137 1011 conditionibus
1152 978 1195 1010 ab
1214 986 1359 1022 utraque
1376 978 1528 1024 partium
1539 1005 1548 1020 ,

504 1033 540 1066 in
560 1030 765 1078 hujusmodi
787 1031 933 1077 treugis,
952 1030 1049 1064 factis
1065 1039 1097 1064 et
1117 1031 1298 1076 appositis.

265 1150 536 1197 ,Iucundum
560 1160 717 1197 autem
736 1150 895 1195 videre
915 1159 1012 1195 erat
1032 1158 1206 1212 quanta
1230 1149 1515 1196 exsultarent
1532 1150 1607 1196 lae-

200 1231 300 1278 titia
333 1231 575 1294 utriusque
614 1230 840 1293 principis
877 1239 1108 1275 terrarum
1144 1230 1342 1286 accolae,
1386 1233 1606 1292 negotia-

200 1318 325 1354 tores
362 1309 595 1371 praecipue
615 1345 625 1363 ,
667 1324 724 1354 eo
760 1307 891 1370 quod
919 1316 1145 1353 consueta
1176 1307 1241 1352 eis
1270 1307 1382 1352 olim
1412 1325 1604 1355 suarum

203 1385 581 1447 negotiationum
604 1385 734 1430 lucra
761 1384 873 1430 inde
897 1383 985 1429 sibi
1011 1392 1299 1447 proventura
1325 1396 1567 1448 sperarent
1592 1424 1602 1443 ‚

203 1478 409 1524 suosque
443 1472 583 1508 notos
617 1471 662 1507 et
700 1461 870 1507 charos
900 1478 1039 1525 posse
1081 1462 1304 1520 revisere,
1344 1477 1398 1507 ac
1436 1479 1604 1509 eorum

198 1539 629 1586 communicatione
666 1539 754 1584 frui
783 1557 792 1585 ε
822 1555 926 1602 quae
958 1555 1176 1602 prorsus,
1212 1539 1293 1584 illo
1325 1538 1606 1587 decurrente

197 1616 354 1661 hostili
378 1616 706 1679 quinquennio
725 1653 736 1674 ‚
761 1616 826 1662 eis
851 1615 1034 1661 fuerant
1064 1615 1336 1662 interclusa.
1364 1616 1502 1663 Unde
1528 1634 1607 1663 ne—

197 1692 312 1737 dum
337 1708 362 1738 a
380 1693 474 1738 suis
498 1692 728 1738 veteribus
752 1693 874 1738 notis
894 1701 938 1738 et
958 1692 1143 1749 amicis,
1175 1709 1285 1737 cum
1308 1692 1368 1738 ad
1392 1693 1605 1739 civitates

197 1779 243 1815 et
277 1770 454 1833 oppida
477 1770 749 1815 altrinsecus
772 1770 988 1815 venirent
1017 1770 1065 1815 in
1090 1770 1193 1833 ipso
1219 1780 1490 1831 treugarum
1524 1772 1608 1817 ini-

196 1846 262 1891 tio
294 1856 603 1905 mercatores,
631 1846 712 1891 sed
743 1856 787 1892 et
827 1846 1023 1910 publico
1057 1856 1249 1909 sumptu
1283 1846 1460 1892 eisdem
1487 1864 1606 1893 con-

198 1923 319 1968 vivia
348 1922 660 1986 parabantur,
704 1922 1034 1986 dabanturque
1069 1924 1209 1969 etiam
1238 1924 1481 1970 nonnullis
1517 1925 1605 1971 do-

199 2001 328 2045 naria
343 2001 391 2045 in
416 2010 779 2046 monumentum
805 2010 850 2047 et
871 2001 1040 2063 pignus
1065 2001 1255 2056 amoris,
1284 2001 1382 2064 qui,
1404 2001 1605 2048 durante

199 2073 389 2134 quidem
430 2074 683 2120 hostilitate
728 2090 825 2119 non
871 2075 1152 2131 exstinctus,
1190 2074 1271 2119 sed
1308 2073 1522 2120 obtectus
1559 2085 1604 2121 et

198 2149 323 2195 velut
343 2151 531 2196 interim
557 2159 804 2213 soporatus
827 2150 1054 2195 duntaxat
1076 2150 1213 2195 fuisse
1233 2149 1547 2213 pandebatur.

265 2229 319 2271 Et
342 2228 596 2289 quoniam7
624 2228 691 2272 uti
728 2227 932 2272 diximus
952 2265 962 2285 ‚
993 2227 1118 2272 velut
1147 2227 1391 2290 quoddam
1420 2230 1490 2274 sui
1520 2230 1602 2276 de-

198 2303 356 2349 siderii
386 2305 640 2350 maximum
665 2304 1094 2367 complementum,
1123 2304 1371 2351 affectabat
1403 2322 1483 2352 rex
1514 2323 1602 2369 pu·

199 2381 300 2425 nire
323 2389 368 2425 et
390 2382 570 2426 cunctis
594 2381 639 2425 in
660 2381 931 2426 memoriale
951 2381 1218 2445 exemplum
1245 2382 1358 2429 dare
1377 2384 1602 2429 comitem

197 2457 507 2502 Sancti-Pauli
537 2458 689 2519 (cujus
723 2458 863 2503 etiam
889 2458 987 2503 doli
1014 2468 1059 2504 et
1094 2459 1301 2522 perfidiae
1327 2476 1412 2523 per
1446 2477 1604 2523 regem

197 2534 456 2596 Anglorum
486 2534 694 2580 notiores
732 2533 820 2579 sihi
861 2534 989 2581 factae
1030 2535 1166 2582 fuisse
1212 2536 1519 2600 ferebantur),
1556 2538 1602 2583 in

197 2610 427 2658 dictarum
455 2610 627 2657 foedere
649 2620 915 2674 treugarum
940 2612 1060 2657 inter
1080 2629 1237 2675 regem
1259 2624 1303 2660 et
1326 2613 1498 2660 ducem
1523 2631 1602 2661 ex—

195 2688 391 2751 pressim
417 2688 815 2751 comprehensum
848 2688 931 2734 fuit
961 2689 1092 2751 quod
1122 2689 1216 2735 dux
1253 2691 1408 2753 ipsum
1431 2691 1480 2737 in
1507 2708 1603 2739 ma-
