1923 3020
714 291 855 325 LIBER
884 289 1077 325 PRIMUS.
1551 286 1597 320 67

657 504 992 548 CAPITULUM
1029 504 1147 546 XIX.

300 636 349 667 De
368 634 541 669 discordia
560 648 618 669 seu
634 636 804 670 simultate
818 644 891 668 orta
908 635 997 668 inter
1015 647 1108 680 reges
1123 634 1275 669 Franciae
1292 642 1324 668 et
1338 634 1511 676 Castellae‚

780 689 893 723 statim
909 687 1039 722 sedata.

271 813 363 860 Sed
399 816 648 877 quoniam,
682 817 914 862 anteriore
942 825 1176 878 tempore,
1212 831 1293 860 rex
1326 815 1533 861 Castellae
1564 825 1609 862 et

211 892 441 953 Legionis¹
476 909 632 955 regem
678 896 945 955 Aragonum
985 892 1113 936 velut
1155 890 1339 936 hostem
1379 891 1606 952 habebat,

210 984 305 1013 non
335 984 502 1031 parum
535 970 631 1031 regi
664 969 903 1015 Ludovico
940 971 1229 1023 Francorum
1261 966 1469 1013 insensus
1501 968 1609 1027 fuit,

209 1044 364 1107 quod,
401 1047 481 1090 eo²
509 1045 802 1106 inconsulto,
839 1061 946 1090 cum
980 1043 1114 1089 hoste
1146 1059 1232 1088 suo
1268 1043 1442 1090 foedera
1474 1054 1614 1106 atque

209 1121 436 1167 amicitias
470 1122 751 1186 copulasset.
793 1121 956 1168 Aiebat
985 1121 1111 1166 enim
1139 1137 1223 1184 per
1258 1119 1351 1166 hoc
1384 1130 1615 1168 vetustam

210 1200 567 1259 fraternitatem,
602 1202 723 1247 inter
754 1203 1039 1245 Francorum
1068 1208 1114 1244 et
1143 1197 1350 1244 Castellae
1379 1214 1509 1260 reges
1536 1198 1615 1243 fir-

212 1276 416 1321 missime
443 1277 647 1339 juratam
682 1286 726 1322 et
762 1275 1040 1337 gravissimis
1073 1274 1284 1321 censuris
1317 1290 1616 1320 summorum

212 1351 492 1415 pontificum
515 1352 790 1398 roboratam
814 1368 868 1398 ac
893 1351 1144 1409 sancitam,
1173 1350 1372 1396 violasse
1400 1360 1447 1395 et
1475 1349 1617 1411 abru-

213 1429 358 1492 pisse,
385 1446 493 1475 cum
512 1446 598 1475 suo
622 1429 756 1474 hoste
781 1428 1094 1474 infensissimo
1114 1426 1327 1489 ligantias
1348 1426 1580 1472 faciendo.

281 1509 474 1571 Propter
513 1523 655 1568 quam
693 1522 882 1552 causam
917 1505 1092 1551 veritus
1125 1504 1393 1550 Ludovicus
1431 1520 1514 1563 ne,
1554 1503 1617 1549 ob

217 1600 321 1630 eam
356 1601 480 1641 rem,
517 1593 650 1628 vetus
687 1582 762 1628 illa
799 1592 843 1628 et
877 1599 962 1645 per
994 1592 1063 1627 tot
1100 1598 1265 1644 regum
1301 1582 1619 1627 successiones

215 1677 399 1722 semper
438 1661 715 1705 inconcusse
751 1659 997 1705 observata
1035 1659 1299 1704 fraternitas
1334 1658 1615 1715 solveretur,

214 1735 527 1798 legationibus
553 1736 642 1797 egit
673 1744 745 1792 ut,
776 1734 834 1779 ad
861 1734 1216 1780 reformandum
1247 1735 1494 1792 amicitias,
1522 1735 1620 1797 ipse

216 1821 261 1856 et
292 1829 371 1857 rex
401 1811 607 1857 Castella}
639 1812 686 1855 in
720 1810 878 1856 locum
910 1813 1094 1870 unum³,
1131 1811 1178 1856 in
1214 1812 1460 1873 utriusque
1488 1811 1618 1872 regni

216 1887 458 1946 limitibus,
481 1889 805 1934 convenirent.
826 1890 891 1932 Ex
907 1887 1128 1933 condicto
1148 1888 1323 1950 itaque,
1340 1888 1472 1949 juxta
1488 1889 1620 1934 Baio-

217 1981 345 2022 nam,
372 1982 521 2029 prope
543 1965 742 2010 ssumen²
765 1965 895 2026 quod
918 1965 964 2009 in
988 1981 1042 2010 ea
1066 1974 1198 2028 parte
1222 1964 1463 2027 utriusque
1489 1964 1620 2026 regni

218 2041 415 2087 limitem
439 2042 561 2099 facit,
586 2041 646 2086 ad
669 2041 972 2087 constitutam
995 2041 1143 2087 diem⁵
1163 2040 1303 2086 ambo
1324 2058 1472 2103 reges,
1500 2051 1622 2087 uter-

274 2178 311 2212 1.
343 2176 462 2212 Henri
482 2178 555 2222 IV,
588 2175 644 2212 roi
673 2175 719 2211 de
746 2174 895 2212 Castille
922 2182 960 2212 et
990 2174 1036 2211 de
1061 2174 1187 2221 Leon,
1213 2176 1438 2213 entretenait
1461 2176 1560 2215 alors
1584 2177 1620 2215 la

221 2249 358 2286 guerre
384 2236 476 2274 dans
506 2237 540 2273 la
563 2239 751 2281 Navarre,
777 2248 842 2271 sur
870 2235 1033 2284 laquelle
1054 2235 1077 2271 il
1099 2236 1200 2272 avait
1222 2236 1287 2274 des
1310 2237 1561 2287 pretentions,
1585 2246 1621 2276 et

220 2296 414 2333 favorisait
431 2309 477 2332 en
498 2297 619 2332 menie
639 2303 758 2344 temps
779 2294 1056 2331 l’msurrection
1078 2294 1123 2331 de
1140 2295 1176 2332 la
1195 2296 1413 2347 Catalogne.

274 2360 311 2395 2.
343 2358 372 2394 Il
395 2357 560 2394 faudrait
578 2371 617 2393 se
636 2370 683 2393 au
705 2357 780 2392 lieu
801 2355 848 2392 de
868 2369 921 2394 eo.

277 2419 313 2453 3.
346 2419 482 2453 Contre
502 2430 552 2453 un
570 2416 704 2453 rocher
722 2429 786 2451 sur
805 2415 840 2451 la
860 2415 940 2452 rive
962 2415 1142 2464 francaise
1163 2415 1210 2453 de
1228 2415 1264 2453 la
1283 2415 1461 2454 Bidassoa
1477 2446 1486 2462 ‚
1512 2417 1618 2454 selon

222 2476 342 2526 Diego
370 2475 583 2525 Henriquez
618 2475 664 2512 de
698 2474 849 2512 Castillo
863 2503 873 2521 ,
909 2477 1064 2511 Cronica
1100 2477 1165 2512 del
1199 2489 1263 2523 rey·
1298 2479 1349 2515 D.
1381 2479 1548 2525 Eurique
1584 2480 1624 2512 el

222 2544 373 2584 quarm,
403 2548 437 2571 c.
468 2548 568 2572 xmx.
599 2534 812 2572 Commines
840 2532 964 2580 ajoute
987 2546 1061 2583 que
1086 2547 1129 2572 ce
1159 2534 1216 2572 fut
1237 2534 1378 2573 devant
1399 2535 1434 2573 le
1462 2535 1619 2574 chateau

221 2593 432 2632 d'Urtubie.

276 2655 313 2688 4.
345 2655 397 2689 La
421 2652 610 2691 Bidassoa.

279 2721 316 2755 5.
349 2721 400 2754 Le
423 2717 512 2763 jour
531 2719 626 2753 n⁷est
645 2729 710 2766 pas
731 2716 880 2766 specific
899 2729 968 2766 par
990 2716 1043 2753 les
1064 2716 1355 2766 chroniq11e11r5‚
1379 2715 1472 2754 mais
1500 2720 1623 2757 c'etait

224 2790 273 2814 au
290 2777 418 2814 milieu
432 2777 482 2813 du
498 2776 590 2812 mois
609 2776 740 2812 d'avril
760 2778 875 2814 1463.
892 2777 987 2825 Voy.
1004 2776 1058 2812 les
1077 2775 1200 2825 pleces
1219 2776 1284 2826 qui
1304 2789 1342 2812 se
1363 2788 1583 2827 rapportent
1603 2783 1622 2816 a
