1923 3020
246 243 294 277 96
608 239 947 276 HISTORIARUM
975 238 1209 274 LUDOVICI
1239 239 1294 273 XI

248 337 426 373 menter
473 336 517 370 et
560 325 884 371 miserabiliter
918 325 1143 369 falluntur
1178 333 1224 368 et
1256 332 1545 368 excaecantur
1577 324 1652 369 illa

246 403 461 467 pestifera
495 401 753 447 ambitione
785 411 831 446 et
864 400 1146 446 dominandi
1181 399 1345 445 effreni
1379 398 1650 462 cupiditate.

248 480 466 524 volentes
496 479 622 524 enim
654 477 890 523 dominari
919 487 962 523 et
992 478 1153 523 invicti
1181 486 1321 540 atque
1351 476 1502 522 securi
1531 492 1653 537 esse,

249 555 325 600 tali
355 556 429 600 via
459 566 682 601 neutrum
715 565 1053 617 assequuntur3
1086 555 1191 615 sed,
1221 554 1300 599 ubi
1337 571 1385 600 se
1423 553 1658 599 dominari

247 633 537 689 existimant,
588 631 679 677 illic
732 632 1043 678 miserrimam
1094 633 1365 678 servitutem
1410 632 1659 676 incurrunt

247 708 488 767 elationis,
527 709 826 767 ambitionis,
860 710 1071 770 invidiae,
1106 720 1282 769 metus,
1318 709 1654 768 formidinum,

248 785 639 843 sollicitudinum,
658 803 896 846 curarum,
922 787 1207 833 anxietatum
1232 802 1285 832 ac
1305 787 1539 832 variarum
1563 796 1659 832 tur-

248 863 547 926 pissimarum
577 864 849 928 passionum
875 872 920 908 et
943 863 1275 927 cupiditatum,
1303 879 1503 926 quarum
1535 863 1580 907 in
1612 878 1658 907 se

249 940 566 998 dominatum,
600 951 714 986 tunc
742 940 948 986 maxime
976 957 1085 986 cum
1114 941 1254 986 rebus
1282 941 1425 1004 potiri
1456 939 1659 986 credun-

248 1027 346 1076 tur,
373 1034 600 1081 suamque
627 1018 925 1064 durissimam
951 1018 1038 1063 sub
1061 1018 1236 1064 eisdem
1263 1018 1532 1063 servitutem
1574 1018 1659 1063 mi-

250 1095 468 1154 serrime,
507 1095 681 1155 velint,
719 1095 896 1151 nolint,
934 1096 1257 1159 experiuntur.
1297 1095 1489 1139 Domini
1521 1095 1660 1156 igitur

251 1171 498 1234 quomodo
523 1182 649 1229 sunt,
677 1172 757 1234 qui
783 1171 1090 1217 dominorum
1114 1181 1184 1218 tot
1207 1172 1518 1235 pessimorum
1542 1171 1661 1217 infe-

250 1248 481 1294 licissimae
507 1249 718 1294 servituti
744 1248 919 1293 addicti
950 1246 1089 1294 sunt?
1115 1249 1196 1294 sed
1222 1265 1330 1308 nec,
1361 1249 1662 1311 quantumvis

249 1326 391 1388 longe
411 1326 598 1389 lateque
619 1325 870 1388 imperium
892 1325 1193 1389 protulerint,
1217 1326 1378 1371 invicti
1397 1335 1522 1383 sunt,
1546 1341 1573 1371 a
1592 1334 1662 1370 tot

251 1403 467 1466 pessimis
496 1402 704 1447 dominis
734 1403 860 1447 victi.
891 1403 1059 1448 Utilius
1085 1404 1282 1467 quippe,
1314 1402 1386 1448 vel
1410 1403 1566 1448 minus
1589 1401 1661 1446 in-

253 1479 445 1525 feliciter
473 1479 532 1524 ab
561 1479 775 1537 homine,
806 1496 948 1542 quam
974 1496 999 1525 a
1022 1489 1092 1525 tot
1115 1480 1236 1526 vitiis
1266 1489 1311 1525 et
1344 1479 1577 1543 praecipue
1602 1477 1661 1523 ab

254 1558 352 1619 ipsa
377 1555 657 1602 dominandi
687 1557 944 1620 cupiditate
965 1557 1281 1602 vincerentur.
1315 1556 1477 1601 Invicti
1505 1564 1664 1601 autem

254 1650 376 1690 esse,
402 1635 503 1679 sine
528 1634 806 1696 cujusquam
830 1634 1024 1697 injuria,
1053 1645 1269 1698 possent,
1299 1635 1336 1679 si
1364 1633 1519 1680 solum
1548 1631 1664 1678 illud

255 1729 418 1757 verum
444 1721 488 1758 et
511 1711 771 1775 perfectum
799 1723 1011 1759 amarent
1033 1712 1238 1772 bonum,
1267 1712 1398 1776 quod
1422 1713 1487 1758 eis
1510 1710 1666 1756 invitis

255 1788 423 1834 auferri
451 1805 549 1834 non
575 1790 736 1851 possit.
767 1791 871 1834 Non
897 1790 1023 1835 enim
1049 1790 1272 1853 cuiquam
1294 1788 1560 1834 inviderent
1578 1803 1661 1845 ne,

256 1867 430 1929 pariter
461 1866 577 1911 illud
614 1877 936 1925 assecuturus,
975 1869 1210 1913 minorem
1244 1868 1333 1914 sibi
1365 1867 1487 1912 illius
1522 1865 1665 1911 amati

259 1942 371 1988 boni
395 1942 637 1989 efficerent
660 1945 949 2007 portionem,
976 1962 1086 1990 cum
1109 1956 1204 1990 tam
1228 1945 1488 2009 perfectum
1513 1943 1665 1988 excel-

259 2018 450 2081 lensque
471 2021 674 2079 exsistat,
698 2031 764 2079 ut,
787 2031 967 2084 quanto
989 2022 1146 2086 plures
1163 2022 1243 2068 illo
1264 2020 1661 2086 participaverint,

261 2104 390 2139 tanto
425 2097 721 2159 singulorum
754 2098 801 2143 in
829 2098 910 2143 illo
939 2099 1142 2161 majores
1166 2107 1431 2144 accrescant
1462 2097 1666 2143 delecta-

260 2170 428 2216 tiones.
454 2173 694 2218 Inflnitum
721 2175 847 2221 enim
866 2186 950 2221 est.
968 2175 1122 2234 Unde,
1146 2174 1409 2221 fruentibus
1429 2192 1486 2220 eo
1508 2174 1667 2220 multis

262 2256 341 2292 aut
368 2248 615 2305 universis,
645 2250 940 2311 singulorum
966 2268 1062 2297 non
1088 2252 1463 2297 diminuerentur
1486 2252 1664 2315 portio-

264 2339 362 2377 nes,
382 2322 462 2366 sed
488 2325 647 2370 onmia
672 2327 717 2371 in
739 2327 961 2373 omnibus
981 2329 1217 2374 exsisteret
1234 2328 1470 2390 integrum
1490 2337 1536 2373 et
1561 2344 1664 2391 per-

264 2399 453 2444 fectum.

331 2476 446 2521 illud
475 2477 611 2537 igitur
631 2477 830 2536 boumn,
858 2482 938 2542 qui
964 2483 1122 2528 invicti
1145 2499 1242 2527 esse
1268 2483 1483 2546 cupiunt,
1511 2482 1667 2544 potius

265 2562 495 2616 quaerant,
539 2554 779 2616 animique
819 2558 1004 2603 virtutes
1036 2569 1174 2622 atque
1206 2559 1331 2604 dona
1365 2559 1552 2621 spiritus
1586 2573 1667 2602 seu

265 2629 561 2685 charismata,
590 2630 761 2691 quibus
785 2631 841 2676 ad
868 2633 982 2678 illud
1006 2636 1296 2696 pervenitur,
1323 2636 1600 2681 aemulentur
1623 2641 1668 2677 et

265 2716 439 2751 ament.
468 2708 582 2762 Quae
605 2723 711 2751 cum
739 2710 935 2752 assecuti
967 2709 1160 2766 suerint,
1187 2712 1252 2755 eis
1278 2711 1433 2755 nullus
1460 2710 1663 2764 auferre,
