1923 3020
706 235 846 270 LIBER
874 234 1090 269 TERTIUS.
1525 232 1592 266 271

268 323 494 368 Henricus
520 332 704 381 autem,
734 339 839 368 cum
868 331 1017 368 tantas
1043 322 1129 367 sibi
1165 323 1435 385 provenisse
1467 321 1598 366 cala-

202 403 384 445 mitates
405 399 674 462 inspiceret,
701 416 842 462 seque
865 399 923 444 de
943 415 1048 460 rege
1066 399 1232 444 iterum
1247 436 1258 458 ,
1285 408 1391 462 post
1415 397 1597 443 dierum

201 491 461 538 paucorum
489 475 749 532 curricula,
778 476 823 520 iu
849 491 1083 520 carcerem
1107 484 1151 520 et
1179 474 1495 537 captivitatem
1522 490 1597 519 re-

201 550 420 607 ductum;
448 567 494 595 se
520 552 710 596 unicum
737 551 911 609 filium,
940 552 985 596 in
1011 568 1106 613 quo
1133 561 1229 596 tota
1252 567 1357 613 spes
1376 550 1504 613 regni
1528 567 1597 595 re-

199 628 350 689 posita
387 626 650 685 videbatur,
686 644 795 672 cum
831 636 899 671 tot
927 627 1218 690 principibus
1252 637 1295 672 et
1333 626 1594 684 nobilibus,

198 718 389 747 suarum
413 704 615 765 partium
642 703 860 748 studiosis
888 713 932 748 et
954 702 1302 760 defensoribus,
1336 701 1459 748 bello
1483 703 1599 748 ami-

197 778 329 835 sisse3
371 779 620 839 conjugem
658 780 797 825 etiam
839 780 884 824 in
930 780 1118 825 victoris
1160 796 1326 825 manus
1369 781 1598 843 captivam

198 855 464 917 pervenisse
501 871 510 900 :
545 872 654 900 cum
687 865 922 901 tantarum
957 855 1146 917 pondus
1174 864 1218 901 et
1245 857 1487 901 cumulum
1515 856 1598 902 ad-

196 931 468 977 versitatum
495 941 540 977 et
571 932 864 979 miseriarum
896 931 1015 977 ferre
1045 947 1142 976 non
1180 942 1364 994 posset,
1397 934 1442 977 iu
1479 933 1594 991 fata,

196 1006 327 1053 luctu
358 1017 403 1053 et
439 1025 640 1054 moerore
675 1009 944 1067 confectus,
983 1008 1254 1053 concessit¹.
1295 1011 1398 1054 Non
1439 1019 1595 1055 tamen

197 1082 476 1144 defuerunt,
520 1087 600 1147 qui
643 1085 845 1130 dixerint
890 1085 1018 1145 jussu
1062 1083 1267 1129 Edoardi
1290 1121 1301 1142 ,
1346 1094 1598 1148 postquam

196 1162 345 1205 victor
368 1162 636 1207 Londonias
656 1177 711 1206 ex
735 1159 1113 1223 septentrionali,
1149 1170 1200 1205 ut
1232 1161 1448 1224 proximo
1484 1161 1597 1207 dixi-

197 1253 325 1297 mus,
354 1239 487 1302 plaga
513 1238 790 1295 introiisset,
819 1237 1097 1282 suffocatum
1124 1254 1231 1283 eum
1256 1238 1303 1282 in
1333 1253 1519 1284 carcere
1554 1250 1597 1285 et

196 1324 440 1360 enecatum
465 1314 651 1371 fuisse23
675 1313 734 1358 de
759 1330 855 1375 quo
879 1330 988 1358 cum
1011 1313 1172 1376 aliquo
1196 1315 1477 1359 contentiosi
1500 1331 1598 1361 esse

194 1408 291 1437 non
318 1391 552 1437 volumus.
580 1391 820 1452 Exsequiae
846 1401 998 1436 tamen
1027 1391 1114 1436 sihi
1136 1392 1183 1436 in
1210 1391 1373 1437 eadem
1394 1391 1509 1437 urhe
1526 1409 1598 1439 ce-

193 1468 398 1528 lebriter,
437 1485 570 1514 more
606 1485 791 1529 regum,
835 1468 963 1514 factae
1001 1479 1131 1528 sunt,
1171 1478 1216 1514 et
1259 1485 1388 1515 sacra
1426 1469 1598 1516 funeris

194 1545 446 1608 persoluta.

260 1622 345 1667 Die
368 1632 525 1667 autern
544 1639 677 1667 xx1v.
708 1621 918 1684 ejusdem
940 1622 1111 1667 mensis
1132 1622 1264 1681 maii,
1291 1639 1501 1685 egressus
1530 1632 1598 1668 est

196 1699 354 1745 denuo
382 1700 626 1746 Edoardus
656 1717 759 1759 rex,
790 1699 849 1746 ad
881 1701 1100 1763 reliquias
1131 1718 1326 1746 suorum
1350 1701 1597 1747 rebellium

195 1817 246 1854 du
272 1817 345 1854 duc
369 1817 415 1855 de
441 1821 682 1868 Bourgogne.
710 1818 962 1868 Margue1·ite,
990 1818 1200 1869 largement
1224 1828 1465 1867 entrctenue,
1492 1820 1517 1856 il
1544 1829 1599 1857 est

195 1876 291 1922 vrai,
314 1877 369 1914 sut
393 1877 531 1927 gardc'e
554 1889 701 1913 comme
721 1876 973 1925 prisonnicre,
996 1876 1154 1914 d'abord
1174 1880 1194 1914 a
1217 1877 1250 1914 la
1269 1881 1384 1923 Tour,
1410 1878 1555 1916 ensuite
1577 1881 1597 1916 a

193 1936 448 1987 Willingford.
471 1936 552 1972 Elle
573 1940 679 1972 n'eut
699 1948 738 1972 sa
762 1934 894 1972 liberte
914 1939 1029 1985 qu'au
1050 1936 1142 1974 bout
1162 1936 1208 1973 de
1227 1936 1313 1986 cinq
1333 1950 1413 1985 ans,
1437 1951 1597 1988 moyen-

194 2003 285 2031 nant
305 2009 378 2032 une
402 1996 496 2032 forte
523 2007 664 2043 ranqon
688 2007 761 2043 que
785 2007 881 2044 paya
900 1995 1014 2031 Louis
1043 1998 1117 2041 XI3
1146 2003 1182 2031 et
1206 1995 1271 2031 des
1295 1997 1435 2045 qu'elle
1458 1998 1512 2034 fut
1532 2010 1596 2034 ra—

193 2053 338 2101 chetee,
361 2054 432 2090 elle
453 2067 492 2091 se
511 2054 598 2090 Inita
619 2053 665 2090 de
684 2053 758 2090 suir
779 2053 955 2103 d’aupres
974 2053 1020 2090 (le
1040 2054 1137 2091 celui
1154 2055 1219 2104 qui
1236 2055 1325 2091 etait
1344 2055 1377 2092 le
1398 2057 1598 2093 meurtrier

195 2111 241 2148 de
261 2126 329 2149 son
348 2113 405 2149 fils
430 2122 465 2150 et
487 2113 532 2149 de
552 2125 619 2148 son
643 2112 751 2148 mari.

247 2174 263 2207 1
276 2201 283 2208 .
319 2188 337 2204 (c
360 2173 465 2208 Print
482 2185 579 2221 pour
598 2184 640 2207 ce
657 2171 704 2207 tel
725 2183 932 2216 courroux,
949 2184 1024 2219 que
1040 2171 1085 2208 (le
1102 2171 1299 2222 desplaisir
1315 2181 1351 2210 et
1370 2175 1598 2211 merancolie

194 2231 219 2267 il
240 2240 393 2268 mourut
414 2232 449 2269 le
469 2234 535 2269 210
550 2232 640 2278 jour
659 2230 787 2266 dudict
807 2243 926 2278 moys.
951 2246 968 2263 ³>
990 2230 1163 2267 Relation
1185 2231 1382 2281 srancaise.

247 2293 284 2328 2.
316 2294 368 2328 Le
388 2293 653 2329 continuateur
669 2290 716 2326 de
738 2290 928 2326 l⁷IIistoirc
948 2290 994 2327 de
1014 2291 1219 2340 Croyland,
1243 2293 1410 2342 quoique
1430 2292 1481 2330 du
1501 2295 1597 2344 parti

195 2349 351 2397 d’York,
371 2364 419 2387 ne
438 2351 547 2387 laisse
567 2362 690 2386 aucun
713 2348 825 2385 ‹loute
846 2350 865 2384 ἐι
888 2356 945 2385 cet
963 2349 1077 2398 &gard
1101 2364 1108 2385 :
1135 2365 1152 2382 c<
1174 2352 1307 2388 Pareat
1328 2355 1432 2389 Deus
1452 2362 1489 2389 et
1507 2366 1596 2403 spa-

195 2409 286 2445 tium
316 2410 543 2460 poenitentiae
575 2409 609 2446 ei
636 2408 768 2456 donet,
800 2407 1029 2457 quicumque
1060 2417 1134 2446 tam
1166 2410 1366 2461 sacrilegas
1396 2424 1528 2448 manus
1557 2412 1596 2448 in

195 2468 382 2505 Christum
409 2469 561 2505 Domini
589 2480 702 2505 ausus
727 2475 781 2503 est
812 2467 1013 2503 immittere
1045 2482 1051 2503 :
1089 2468 1188 2506 unde
1216 2478 1252 2506 et
1280 2483 1395 2520 agens
1425 2470 1595 2520 tyranni,

195 2529 414 2578 patiensque
448 2528 603 2579 gloriosi
627 2526 802 2576 martyris
830 2526 980 2562 titulum
1010 2536 1214 2564 mereatur.
1239 2545 1255 2562 π)
1278 2528 1368 2565 Voir
1399 2529 1435 2565 la
1466 2538 1595 2566 courte

195 2596 232 2624 et
272 2588 530 2625 substantielle
570 2587 808 2623 dissertation
842 2599 915 2635 que
953 2589 1002 2625 M.
1039 2587 1206 2637 Lingard
1238 2601 1258 2625 a
1295 2588 1388 2624 mise
1425 2600 1472 2625 en
1507 2596 1597 2625 note

194 2660 282 2684 sous
302 2649 337 2684 le
356 2647 448 2684 recit
466 2647 513 2683 de
536 2647 571 2683 la
592 2654 691 2683 mort
716 2645 763 2682 de
784 2645 901 2681 Hem-i
920 2646 967 2680 VI
1007 2648 1170 2682 Histoire
1192 2649 1470 2695 d'Angleterre,
1494 2656 1518 2685 t.
1542 2650 1593 2694 11,

197 2720 229 2742 c.
254 2720 306 2743 ιχ.
