1923 3020
280 203 353 236 350
639 192 971 231 HISTORIARUM
1002 191 1233 226 1211Dov101
1262 191 1316 226 X1

279 296 491 331 mentum
507 291 767 327 castrorum
784 277 1095 340 imperialium
1110 277 1397 339 completum
1414 286 1548 335 esset,
1562 278 1675 323 dum

279 363 338 407 ad
354 362 400 406 id
418 375 537 422 opus
560 354 901 419 perficiendum
925 369 1119 415 seseque
1139 352 1259 398 fossa
1278 363 1322 398 et
1338 352 1460 398 vallo
1478 352 1678 414 cingen—

278 439 391 483 dum
416 445 460 481 et
490 431 911 480 communiendum
939 431 1009 474 sui
1038 429 1282 490 vigilanter
1305 430 1597 487 insisterent,
1624 429 1678 474 il-

278 515 366 559 lico
398 515 684 567 Germanos,
720 509 811 555 tale
845 507 959 570 quid
996 507 1190 552 minime
1223 507 1533 570 suspicantes,
1570 522 1680 551 cum

278 590 442 634 decem
474 597 553 633 aut
583 586 836 632 duodecim
864 582 1068 628 millibus
1094 584 1332 645 equitum,
1365 600 1474 628 cum
1503 582 1679 644 ingenti

278 668 459 730 fragore
483 676 528 711 et
551 663 794 710 horrendo
819 662 996 724 crepitu
1030 661 1404 724 serpentinarum
1436 671 1480 706 et
1504 660 1680 706 machi-

279 761 444 791 narum
471 759 587 806 quas
610 757 770 787 secum
796 739 1073 795 advexerat,
1101 738 1311 797 invasit¹3
1342 755 1366 784 e
1391 737 1560 801 quibus
1582 747 1682 783 stu-

280 838 394 885 pore
428 820 577 865 nimio
608 816 877 881 perterritos
911 814 1137 878 plurimos
1170 814 1341 860 occidit
1372 824 1416 860 et
1448 814 1677 878 protrivit.

279 899 370 944 Sed
406 899 544 959 longe
580 895 735 959 plures
765 892 867 938 caesi
894 892 1219 954 peremptique
1245 908 1299 936 ex
1327 891 1436 954 ipsis
1462 891 1678 945 fuissent,

281 975 368 1021 nisi
398 975 517 1019 forte
548 980 817 1036 opportune
861 968 1196 1031 superveniens
1227 969 1475 1031 episcopus
1498 971 1683 1014 Monas—

282 1051 491 1098 teriensis
514 1065 623 1094 cum
659 1057 862 1110 quatuor
894 1054 973 1089 aut
1010 1045 1219 1106 quinque
1247 1044 1451 1089 millibus
1489 1061 1683 1090 suorum

281 1127 654 1181 westfaloru1n2‚
682 1134 780 1169 tum
811 1122 1050 1184 equitum,
1080 1129 1179 1165 tum
1208 1120 1422 1183 peditum
1443 1121 1683 1183 expedito·-

282 1221 416 1262 rum,
442 1200 713 1249 incendium
747 1198 863 1256 tale,
895 1213 954 1241 ne
980 1197 1162 1257 longius
1187 1207 1478 1258 evagaretur,
1501 1197 1687 1242 restrin-

284 1283 443 1340 xisset,
468 1278 735 1339 caeterisque
764 1284 815 1319 ut,
838 1273 981 1319 arinis
1012 1289 1111 1318 sese
1138 1273 1442 1329 instruerent,
1470 1273 1686 1319 hostibus

285 1375 332 1404 se
357 1354 672 1421 opponendo,
701 1351 904 1415 spatium
924 1349 1164 1395 effecisset.

349 1437 453 1491 Qua
479 1429 871 1492 Burgundionum
904 1427 1098 1473 audacia
1124 1427 1330 1473 deterriti
1358 1428 1615 1491 imperator
1643 1438 1688 1474 et

285 1512 519 1577 principes
540 1509 633 1567 sui,
662 1523 770 1552 cum
791 1515 985 1570 perante
1005 1504 1064 1550 de
1086 1521 1201 1569 pace
1227 1505 1561 1570 componenda
1588 1522 1689 1551 ver-

286 1590 400 1635 bum
417 1586 579 1633 audire
603 1583 869 1630 nullatenus
892 1582 1172 1627 sustinerent
1189 1619 1199 1641 ,
1224 1580 1283 1626 ad
1302 1598 1406 1628 eam
1425 1598 1523 1627 non
1542 1581 1687 1627 modo

286 1662 633 1729 requirentibus
675 1659 906 1714 dandam,
939 1659 1021 1705 sed
1050 1658 1109 1704 ad
1140 1658 1263 1704 ultro
1294 1659 1546 1722 petendam
1583 1667 1690 1704 sunt

286 1742 462 1788 inflexi.
482 1740 633 1785 Rediit
656 1739 812 1799 itaque
838 1735 1231 1798 Burgundionum
1248 1734 1341 1780 dux
1358 1735 1609 1780 incolumis
1629 1733 1687 1780 ad

287 1837 370 1866 sua
404 1829 555 1865 castra
578 1816 803 1862 Nussiana
817 1850 830 1872 ,
861 1831 964 1877 quae
988 1823 1143 1860 tamen
1170 1830 1268 1859 non
1292 1815 1392 1860 sine
1417 1813 1547 1859 bono
1575 1829 1690 1876 prae-

287 1897 408 1942 sidio
439 1895 712 1957 reliquerat,
747 1892 908 1955 paucis
940 1907 995 1936 ex
1027 1891 1120 1936 suis
1149 1889 1442 1950 desideratis;
1476 1888 1557 1935 sed
1582 1890 1689 1950 quia

288 1991 382 2020 nox
407 1975 562 2036 ipsum
588 1971 757 2017 (lucem
782 1968 985 2014 reditum
1010 1976 1243 2013 maturare
1270 1966 1576 2031 perurgebat,
1609 1965 1690 2011 ali-

290 2066 407 2113 quas
444 2050 503 2094 de
535 2048 633 2106 his,
668 2063 784 2109 quas
814 2062 972 2091 secum
996 2044 1279 2104 adduxerat,
1306 2043 1594 2108 serpentinas
1620 2042 1690 2087 di·

291 2127 466 2172 misisse
490 2125 740 2171 ferebatur.
764 2126 817 2167 Et
839 2121 1056 2167 nonnulli
1073 2121 1301 2183 majorem
1321 2121 1470 2166 multo
1491 2129 1691 2180 stragem

290 2204 498 2249 hostium
533 2219 640 2247 cum
678 2201 910 2246 facturum
947 2199 1110 2257 fuisse,
1156 2199 1193 2243 si
1225 2215 1321 2243 non
1364 2196 1557 2243 videndi
1595 2212 1690 2259 quo

292 2280 397 2326 loco
425 2278 740 2342 opportunius
763 2275 1041 2322 irruendum
1078 2275 1124 2320 in
1150 2274 1330 2331 hostes,
1358 2274 1439 2336 qui
1463 2273 1603 2335 longe
1626 2272 1692 2318 la-

292 2366 430 2418 teque
460 2354 655 2417 dispersi
679 2362 810 2398 erant
831 2389 842 2411 ,
870 2368 1019 2414 vapor
1041 2360 1086 2396 et
1110 2350 1265 2396 fumus
1298 2365 1490 2395 suarum
1519 2346 1693 2393 machi-

293 2451 487 2494 narum,
513 2447 629 2495 quas
651 2447 745 2494 prae
765 2431 880 2476 sein
906 2430 1059 2476 fronte
1081 2428 1248 2474 devehi
1274 2428 1470 2487 fecerat,
1498 2426 1692 2473 faculta-

352 2615 387 2650 1.
420 2615 521 2647 Dans
542 2609 577 2645 la
598 2607 719 2644 vallce
740 2605 786 2642 de
806 2606 925 2654 l'Erp,
949 2606 1033 2655 pres
1056 2605 1102 2641 de
1123 2604 1377 2642 Gnadenthal.

348 2676 384 2709 2.
418 2674 698 2709 Vl'est‹*all0r1tm
721 2668 813 2705 dans
830 2668 866 2703 le
884 2680 950 2703 nis.
