1923 3020
323 239 399 272 246
688 238 716 270 H
725 235 1022 270 ISTORIARUM
1051 236 1285 271 LUDOVICI
1314 237 1369 270 XI

326 339 422 367 non
455 321 652 365 multum
688 319 747 363 ab
779 318 985 364 hostium
1018 319 1183 382 procul
1207 318 1389 364 abesset
1413 320 1641 380 exercitu,
1669 323 1728 367 ab

324 396 556 459 aliquibus
596 394 682 439 sibi
721 395 1038 440 intimioribus
1067 395 1238 440 exstitit
1268 395 1537 440 nuntiatum
1568 404 1618 440 ut
1643 397 1729 442 sibi

321 473 407 535 ipsi
432 480 616 516 caveret
645 489 654 514 :
682 486 791 515 nam
823 471 859 516 si
884 471 943 516 ad
969 470 1294 516 dimicandum
1323 470 1598 530 accederet,
1633 483 1730 518 erat

320 549 441 595 hosti
473 547 728 594 tradendus
759 565 784 594 a
816 548 1057 593 nonnullis
1088 549 1181 593 suis
1218 548 1439 605 ducibus,
1474 548 1533 594 (le
1559 548 1730 610 quibus

322 626 577 690 plurimum
602 625 890 671 confidebat.

384 704 478 749 Tali
520 703 676 764 itaque
716 702 988 749 admonitus
1024 704 1190 748 nuntio
1229 711 1273 748 et
1311 703 1578 761 exterritus,
1620 720 1729 749 cum

322 797 487 827 onmes
518 779 661 825 ferme
691 796 717 825 a
747 797 794 825 se
823 779 1022 825 deficere
1049 790 1093 825 et
1117 796 1216 825 sese
1242 779 1300 824 ad
1327 778 1487 824 hostes
1511 779 1730 826 addicere

322 857 522 915 videret,
559 872 645 902 nec
689 856 748 901 de
789 856 961 919 quibus
993 856 1080 901 sibi
1111 855 1374 901 cavendum
1406 855 1525 901 foret
1560 857 1731 901 certior

322 931 443 977 effici
470 941 644 995 posset,
672 948 756 995 per
783 932 938 993 sugam
963 931 1049 976 sibi
1076 931 1278 993 tempori
1304 932 1549 976 consulere
1573 932 1731 977 utilius

322 1009 473 1053 duxit.
509 1008 666 1064 Unde,
700 1009 861 1071 paucis
901 1009 1103 1071 acceptis
1138 1008 1337 1053 navibus
1367 1017 1432 1063 et,
1465 1009 1528 1052 uti
1554 1009 1730 1054 instans

324 1086 442 1131 ferre
484 1085 677 1147 fierique
708 1085 970 1148 patiebatur
995 1083 1281 1147 periculum7
1318 1084 1554 1129 instructis
1581 1094 1626 1129 et
1656 1101 1728 1129 ar-

326 1165 483 1218 matis,
505 1164 688 1208 circiter
714 1180 821 1207 cum
847 1161 1202 1224 quadringentis
1222 1160 1330 1204 viris
1346 1176 1370 1205 e
1391 1177 1535 1221 regno
1555 1161 1732 1207 absces-

325 1241 380 1285 sit
410 1250 455 1285 et
481 1239 536 1284 ad
569 1240 723 1284 littora
748 1238 1006 1283 Hollandiae
1033 1237 1231 1298 trajecit,
1260 1253 1409 1299 prope
1433 1239 1732 1297 Hagam-Co-

326 1317 485 1361 mitis¹.
516 1320 564 1361 In
587 1333 683 1378 quo
704 1316 810 1361 loco
833 1332 885 1360 ex
907 1315 1147 1359 voluntate
1167 1314 1298 1359 ducis
1319 1314 1727 1376 Burgundionum,

326 1394 493 1438 sororii
515 1394 602 1450 sui,
632 1393 836 1438 constitit
860 1408 944 1455 per
966 1402 1059 1436 tres
1081 1407 1266 1437 menses
1291 1401 1371 1436 aut
1397 1394 1638 1453 quatuoi·².

391 1473 508 1514 Cum
528 1479 685 1514 autem
707 1472 991 1513 Francorum
1012 1484 1089 1513 rex
1111 1485 1219 1513 eum
1239 1468 1302 1513 sic
1321 1468 1566 1513 excessisse
1586 1485 1731 1530 regno

326 1556 465 1608 atque
489 1546 763 1608 profugum,
794 1545 1051 1589 Henricum
1076 1561 1189 1589 vero
1215 1545 1260 1588 in
1286 1561 1442 1605 regem
1467 1544 1731 1590 restitutum

326 1631 370 1666 et
403 1620 707 1666 sublimatum
744 1636 886 1683 opera
920 1621 1056 1665 amici
1081 1621 1150 1665 sui
1177 1620 1399 1665 ll'arviclz
1434 1620 1728 1682 agnovisset,

325 1699 538 1744 aestimari
582 1698 715 1744 facile
749 1708 829 1743 aut
869 1697 961 1743 dici
1000 1713 1097 1742 non
1140 1706 1319 1760 potest,
1359 1706 1584 1759 quantam
1623 1696 1732 1742 inde

325 1777 483 1820 animo
503 1775 708 1821 laeiitiam
733 1775 980 1838 acceperit,
1005 1784 1294 1837 quantumve
1318 1791 1425 1819 eum
1450 1774 1733 1837 prosperitas

329 1852 654 1914 hujuscemodi
674 1852 907 1910 extulerit,
934 1861 978 1897 et
1002 1861 1230 1912 quantum
1253 1850 1420 1896 exinde
1442 1851 1727 1895 intumuerit.

325 1933 427 1975 ¹lam
455 1930 581 1974 enim
612 1928 824 1992 profecto
854 1927 1099 1991 reputabat
1121 1930 1193 1972 se.3
1216 1944 1303 1990 pro
1323 1937 1452 1983 voto,
1476 1926 1605 1988 quod
1626 1927 1733 1971 totis

329 2007 569 2052 desideriis
596 2015 839 2068 optaverat
863 2015 906 2051 et
932 2005 1143 2067 plurimis
1167 2005 1445 2065 exquisierat
1471 2002 1635 2048 studiis
1658 2013 1730 2048 at-

326 2099 415 2144 que
440 2082 697 2136 laboribus,
719 2082 1038 2127 adinvenisset
1056 2099 1064 2125 :
1085 2091 1410 2144 opportunum
1427 2079 1599 2125 scilicet
1615 2089 1732 2123 tem-

327 2176 436 2222 pus,
464 2176 558 2221 quo
586 2176 632 2204 se
657 2159 716 2205 de
740 2159 861 2204 duce
887 2159 1164 2221 Burgundiae
1191 2159 1371 2216 ulcisci,
1403 2174 1606 2219 eumque
1630 2172 1735 2202 era-

327 2236 438 2281 ‹lere
465 2236 523 2280 de
548 2246 667 2281 terra
692 2246 831 2299 atque
859 2237 1152 2297 exstinguere
1184 2237 1368 2298 penitus
1397 2246 1569 2298 posset.
1600 2234 1734 2280 Unde

326 2313 480 2356 statim
507 2328 616 2356 cum
647 2313 887 2370 Edoardo‚
915 2313 1128 2376 principe
1154 2313 1331 2358 Waltiae
1356 2312 1620 2370 antedicto,
1652 2310 1734 2372 qui

384 2475 415 2507 1.
450 2476 479 2507 Α
501 2471 693 2515 Alkmaar,
720 2472 805 2520 pres
825 2471 860 2507 la
885 2475 989 2521 Haye
1013 2473 1075 2521 (en
1097 2472 1309 2509 liollandais
1333 2475 1358 2507 's
1384 2472 1703 2519 (It-(movnlmage’).

376 2534 413 2567 2.
448 2531 474 2567 11
498 2531 624 2567 arriva
646 2530 680 2566 lc
702 2533 743 2566 11
770 2531 924 2567 octobre
943 2535 1061 2578 1470,
1083 2542 1119 2568 et.
1138 2533 1293 2582 repartit
1315 2546 1411 2581 pour
1432 2531 1683 2581 l'Angleterre
1700 2530 1732 2565 le

328 2592 374 2625 10
397 2604 497 2626 mars
522 2591 635 2625 1471.

379 2651 414 2686 3.
446 2651 488 2684 Sc·
506 2648 597 2684 dans
615 2647 650 2684 le
674 2660 741 2682 ms.

385 2711 413 2742 ί.
452 2710 652 2743 Advenisse
672 2706 764 2743 ‹lans
788 2706 819 2741 ls·
841 2719 909 2743 ms.
