1923 3020
325 246 373 280 66
680 240 1021 276 HISTORIARUM
1048 241 1282 277 LUDOVICI
1309 242 1365 276 XI

322 328 589 393 promisisse
609 327 706 388 regi
731 328 1000 388 Aragonum
1028 326 1302 387 ferebatur),
1330 328 1617 371 Francorum
1640 344 1717 372 rex

322 421 417 450 non
443 404 540 464 regi
563 405 856 465 Aragonum,
881 402 961 448 sed
989 402 1076 448 sibi
1112 404 1268 466 potius
1305 418 1386 448 eos
1420 403 1719 465 acquisivisse

321 480 540 525 ostendit.
574 483 691 526 Nam
721 480 780 525 ab
810 478 1029 525 omnibus
1059 478 1264 524 vassallis
1297 487 1341 524 et
1371 478 1590 537 subditis,
1624 488 1719 524 tam

320 555 557 601 nobilibus
577 572 720 618 quam
741 555 958 618 plebeiis⁷
986 564 1276 600 sacramenta
1305 555 1513 618 homagii
1538 565 1583 601 et
1606 554 1719 601 fide·

316 633 458 680 litatis
483 635 655 695 exegit,
687 649 869 697 suoque
894 634 1088 679 nomine
1127 632 1348 678 officiales
1377 649 1464 696 pro
1495 632 1720 678 custodiis

314 711 493 756 arcium
526 721 571 756 et
603 720 888 768 castrorum,
915 721 961 756 et
992 711 1107 756 alios
1132 727 1458 774 quoscumque
1487 711 1642 773 posuit
1673 720 1719 756 et

315 788 531 834 instituit.
556 790 669 843 Quae
692 803 765 833 res
787 787 1000 851 plurimis
1024 804 1077 832 ex
1100 787 1165 832 eis
1188 786 1427 832 nobilibus
1450 797 1492 831 et
1519 787 1618 832 aliis
1639 803 1718 850 po-

314 864 460 928 pulis¹
484 863 790 909 vehementer
814 863 1071 927 displicuit3
1105 864 1192 927 ipsi
1226 880 1416 925 quoque
1450 866 1717 926 Aragonum

314 943 410 1004 regi
431 943 531 1005 (qui
553 942 640 987 sibi
662 942 872 1001 eosdem,
899 951 1038 1004 atque
1063 941 1178 987 alios
1202 941 1400 988 rebelles
1424 942 1528 1000 sibi,
1558 943 1717 1005 aequi-

316 1019 487 1065 rendos
533 1020 896 1076 existimaverat,
942 1018 1088 1064 tribus
1131 1020 1291 1064 castris
1339 1036 1425 1082 pro
1472 1022 1718 1066 securitate

310 1112 504 1141 summae
529 1096 765 1158 promissae
788 1096 835 1140 in
860 1094 1078 1140 manibus
1101 1097 1388 1140 Francorum
1423 1096 1542 1156 regis
1578 1095 1717 1142 tradi·

312 1173 385 1229 tis,
404 1182 454 1217 ut
473 1190 614 1236 supra
636 1172 901 1234 retulimus)
924 1171 1117 1216 minime
1133 1181 1261 1231 grata
1279 1171 1381 1217 fuit.
1401 1172 1491 1217 Sed
1513 1173 1716 1219 fortassis

310 1249 402 1295 hoc
424 1250 632 1311 ejusdem
652 1250 772 1311 regis
795 1249 895 1294 aliis
919 1248 1126 1294 exhibita
1147 1248 1357 1311 exigebat
1380 1248 1494 1295 fides
1517 1260 1581 1306 ut,
1603 1268 1718 1314 quo·

312 1325 457 1371 modo
482 1327 580 1372 aliis
605 1326 879 1372 servavisset
896 1362 907 1384 ⁷
931 1325 1131 1370 invicem
1154 1341 1344 1388 quoque
1367 1326 1414 1370 in
1436 1343 1545 1371 eum
1564 1327 1717 1373 incur-

311 1403 441 1447 risset
467 1419 492 1448 a
516 1420 612 1465 quo
637 1402 723 1447 sibi
748 1401 979 1448 consimili
1006 1411 1050 1447 et
1074 1402 1175 1465 pari
1208 1402 1470 1463 integritate
1509 1419 1715 1450 servare-

312 1488 401 1524 tur.
430 1480 614 1524 lnvenit
639 1479 766 1524 enim
789 1478 992 1524 venandi
1019 1479 1296 1524 consocium
1321 1480 1403 1541 qui
1427 1489 1579 1542 partes
1600 1480 1686 1526 sibi
1702 1519 1712 1538 ,

314 1565 362 1600 ut
390 1557 558 1618 AEsopj}v
588 1555 744 1602 sabula
776 1566 910 1602 vetus
947 1555 1114 1615 habet,
1142 1556 1286 1601 instar
1320 1556 1470 1601 leonis
1506 1556 1675 1603 faceret
1703 1576 1711 1602 :

311 1642 528 1695 expertus
563 1634 774 1696 profecto
810 1633 942 1696 quod
974 1649 1085 1679 vera
1123 1643 1170 1678 et
1204 1632 1459 1679 infallibilis
1498 1633 1575 1679 illa
1602 1634 1716 1695 juris

311 1709 458 1755 civilis
496 1710 655 1772 regula
694 1712 880 1756 exsistat
910 1728 919 1754 :
964 1730 984 1752 c<
1024 1709 1376 1755 Potentioribus
1408 1709 1545 1756 nobis
1584 1726 1716 1773 pares

312 1802 410 1831 esse
436 1803 531 1832 non
560 1804 829 1850 possumus.
855 1807 875 1829 υ

377 1866 433 1908 Et
452 1863 619 1909 talibus
644 1864 789 1909 modo
808 1874 948 1925 atque
967 1864 1145 1910 artibus
1162 1864 1279 1910 fines
1296 1864 1427 1925 regni
1445 1864 1532 1922 sui,
1558 1879 1716 1908 versus

313 1939 655 1985 Celtiberorum
683 1951 866 2002 gentes,
899 1940 1166 1986 Ludovicus
1191 1957 1268 1985 rex
1295 1944 1580 1986 Francorum
1605 1956 1714 2002 pro-

312 2017 523 2076 pagavit3
548 2016 607 2063 de
629 2017 892 2062 Barcinona
911 2026 1068 2062 autem
1090 2027 1230 2079 atque
1254 2017 1353 2062 aliis
1374 2016 1560 2079 oppidis
1584 2025 1628 2061 et
1656 2017 1717 2061 ci-

312 2092 546 2151 vitatibus,
575 2110 677 2156 quae
706 2095 753 2138 in
788 2093 1045 2140 rebellione
1072 2094 1405 2157 persistebant,
1433 2093 1716 2139 edomandis

313 2168 427 2213 nihil
452 2187 498 2215 se
526 2171 710 2233 penitus
737 2188 902 2216 curare
927 2171 1148 2217 ostendit.
1180 2171 1321 2226 Quod
1348 2172 1393 2215 in
1421 2187 1715 2232 consequen-

312 2245 435 2290 tibus
460 2264 544 2291 suo
569 2247 676 2293 loco
700 2248 984 2294 luculentius
1007 2248 1268 2312 apparebit.

366 2380 402 2415 1.
434 2377 558 2414 Plut‹“›t
575 2380 836 2427 popularibus.
