1923 3020
722 248 863 282 LIBER
892 249 1155 287 SECUNDUS.
1567 250 1641 284 185

690 448 1023 493 CAPITULUM
1070 450 1188 493 XXI.

237 581 430 625 Quomodo
449 581 572 614 milites
590 596 629 615 ex
647 583 856 625 Britonihus,
876 596 937 630 per
955 597 1070 630 regem
1090 585 1194 619 locati
1211 584 1256 619 ad
1277 584 1467 618 custodiam
1486 583 1642 630 oppido-

285 646 362 667 rum
389 634 563 666 inferioris
583 636 808 669 Normanniae
821 665 828 678 ,
848 638 1116 671 interverterunt
1133 639 1382 684 possessionem
1405 636 1641 683 oppidorum,

284 700 321 721 ea
346 688 462 720 fratris
492 688 543 720 sui
567 688 707 722 nominc
723 698 837 723 tenere
856 702 890 722 se
907 690 1059 724 (licentes
1079 704 1085 725 :
1105 700 1137 724 et
1160 690 1203 723 dc
1218 703 1339 723 corum
1354 691 1575 737 expulsione3
1595 699 1644 724 at-

284 754 350 786 que
373 740 416 773 de
436 740 564 774 foetlerc
589 754 751 787 percusso
775 742 869 788 apud
897 744 1068 777 Peronam
1095 744 1184 777 inter
1207 756 1320 789 regen]
1348 752 1379 776 et
1406 743 1530 777 ducem
1551 744 1642 776 Bur-

283 793 435 840 gundiae.

300 919 419 962 Cum
450 918 603 975 enim⁷
642 928 692 963 ut
722 935 860 981 supra
893 935 919 965 a
954 918 1092 964 nobis
1124 918 1322 964 relatum
1357 919 1556 975 exstitit,
1595 919 1642 964 in

238 992 621 1039 reconciliatione
651 994 768 1040 sacta
794 994 925 1039 ducis
956 995 1200 1040 Britanniae
1228 1010 1339 1039 cum
1372 1011 1500 1055 rege,
1534 1010 1642 1057 per-

236 1069 435 1114 misisset
454 1086 532 1114 rex
556 1069 799 1114 Britonum
819 1071 1104 1116 munitiones
1123 1080 1168 1116 et
1189 1070 1403 1133 praesidia
1423 1070 1638 1127 Cadomi,

239 1147 421 1207 Bajocis
444 1156 487 1191 et
508 1147 554 1191 in
579 1146 791 1209 plurimis
819 1146 918 1192 aliis
941 1147 1053 1193 locis
1086 1156 1225 1209 atque
1249 1146 1438 1209 oppidis
1461 1156 1507 1192 et
1529 1147 1641 1191 civi-

235 1222 407 1268 tatibus
458 1223 693 1268 inferioris
746 1225 1041 1269 normanniae
1090 1239 1333 1269 remanere
1355 1258 1366 1279 ,
1418 1232 1463 1268 et
1510 1223 1642 1285 quod

234 1317 320 1345 suo
364 1300 558 1344 nomine
595 1299 809 1345 locorum
843 1299 1170 1361 hujuscemodi
1215 1299 1446 1345 haberent
1484 1309 1642 1345 custo-

234 1376 358 1432 dias.,
386 1386 669 1438 procurante
693 1387 835 1437 atque
856 1377 1175 1422 instimulante
1196 1375 1391 1434 Camlo,
1416 1391 1641 1437 germano

234 1454 375 1514 regis,
399 1452 520 1497 duce
544 1454 862 1511 Normanniae‚
893 1470 1033 1515 quem
1064 1453 1309 1498 Britanniae
1333 1452 1428 1497 dux
1453 1451 1643 1498 fovebat

233 1538 373 1590 atque
393 1528 677 1591 procurabat
699 1530 746 1574 in
768 1545 849 1574 sua
869 1539 990 1575 terra
1016 1530 1086 1590 (ut
1108 1529 1348 1590 diximus),
1371 1529 1643 1575 interverte-

233 1614 343 1649 runt
368 1604 713 1667 possessionem
743 1606 975 1668 capitanei
999 1615 1043 1651 et
1068 1604 1236 1650 milites
1260 1605 1508 1650 Britonum
1533 1605 1638 1667 qui,

233 1682 427 1727 nomine
452 1683 590 1743 regis,
614 1698 700 1745 pro
724 1683 946 1744 praesidiis
966 1693 1010 1728 et
1034 1681 1380 1728 munitionibus
1400 1681 1637 1739 locorum,

233 1775 315 1822 per
356 1759 625 1805 inferiorem
656 1761 995 1806 Normanniam
1030 1760 1179 1806 relicti
1214 1760 1420 1817 fuerant3
1455 1769 1501 1805 et
1524 1776 1640 1822 prae-

231 1836 310 1880 fati
334 1837 633 1881 Normanniae
656 1836 788 1882 ducis
814 1838 1029 1893 nomine,
1065 1853 1120 1883 ea
1151 1837 1392 1900 possidere
1424 1845 1565 1898 atque
1592 1852 1640 1881 se

233 1921 392 1958 tenere
415 1913 651 1958 dixerunt.

295 1991 400 2046 Qua
438 1991 642 2035 novitate
682 1989 893 2036 turbatus
929 2007 1008 2036 rex
1044 2000 1090 2036 et
1125 1992 1173 2036 in
1210 2005 1430 2052 magnam
1465 1989 1640 2036 excitus

230 2066 347 2111 iram
370 2066 592 2111 adversus
616 2067 861 2111 Britanniae
881 2066 1071 2124 ducem,
1097 2067 1323 2112 maximas
1344 2067 1485 2111 totius
1506 2067 1639 2128 regni

229 2143 389 2206 copias
431 2144 722 2205 aggregavit,
767 2160 881 2206 quas
925 2160 1008 2206 per
1049 2153 1194 2189 totam
1233 2147 1634 2199 Cenomamssam,

231 2220 527 2265 Normanniae
550 2229 691 2282 atque
715 2221 960 2266 Britanniae
982 2221 1341 2279 conterminam,
1367 2219 1636 2279 effundens,

229 2293 372 2356 longo
409 2305 621 2359 tempore
661 2312 745 2358 per
790 2296 1018 2342 hiemem¹
1055 2298 1372 2343 Cenomannis
1407 2299 1635 2344 constitit.

226 2374 331 2427 Qua
376 2372 600 2431 durante,
639 2373 716 2419 illa
753 2374 916 2436 ingens
962 2385 1254 2421 armatorum
1290 2391 1459 2421 manus
1495 2385 1639 2422 terras

227 2448 326 2495 illas
365 2466 448 2513 per
491 2449 702 2496 milliaria
741 2450 886 2497 ferme
933 2452 1122 2513 viginti2’
1158 2453 1526 2516 circumquaque
1575 2453 1639 2499 ita

282 2606 318 2641 1.
352 2603 508 2641 L'hiver
527 2604 573 2640 de
593 2606 693 2641 1467
720 2606 740 2640 a
765 2606 882 2644 1468.

280 2665 317 2699 ⁶2.
352 2664 542 2698 Milliaria
574 2670 628 2699 est
656 2662 832 2713 employe
852 2663 899 2700 ici
918 2676 1066 2701 comme
1086 2677 1298 2714 synonyme
1324 2663 1371 2700 de
1394 2667 1512 2701 leuca.
1541 2680 1555 2695 «
1583 2665 1639 2700 En

229 2735 290 2757 ces
316 2721 553 2758 entresaictes
586 2721 639 2757 fut
671 2721 874 2771 pourparle
903 2721 949 2758 (le
979 2722 1116 2760 trefves
1146 2724 1259 2769 (avec
1283 2723 1336 2759 les
1364 2725 1546 2769 Bretons)
1575 2722 1641 2771 qui
