1923 3020
259 278 332 313 104
617 270 955 308 HISTORIARUM
983 267 1218 304 LUDOVICI
1245 268 1302 303 XI

324 361 544 409 Mandata
582 359 724 419 igitur
766 373 850 421 per
892 366 1037 401 terras
1078 369 1186 400 suas
1226 354 1466 400 destinans
1511 355 1663 402 dictus

259 438 446 487 illustris
471 451 629 481 comes
655 434 714 479 de
741 431 1000 488 Clmroloz's‚
1026 447 1135 476 cum
1161 431 1326 494 optimi
1348 431 1570 492 genitoris
1593 433 1665 478 sui

259 515 457 579 imperio
481 528 534 558 ac
557 511 818 568 voluntate,
846 524 1070 569 magnum
1093 517 1233 569 atque
1256 507 1465 553 validum
1489 509 1665 554 exerci-

259 603 359 638 tum
392 588 709 651 congregavit.
744 586 886 648 Cujus
918 595 1116 630 conatus
1149 601 1229 630 rex
1259 585 1414 630 enisus
1443 585 1665 632 cohibere

258 679 397 730 atque
429 666 710 730 reprimere7
744 663 791 708 id
825 672 938 708 tunc
972 661 1157 707 efficere
1195 678 1291 707 non
1326 662 1497 725 potuit.
1535 661 1665 708 Idem

259 746 398 791 etiam
426 743 637 788 fecerunt
663 740 756 785 dux
787 739 1036 797 Borbonii‚
1065 738 1158 783 dux
1186 739 1434 784 Britanniae
1461 739 1507 783 in
1537 740 1668 785 terris

259 822 376 881 suis,
407 820 501 866 dux
535 817 797 876 Calabriae¹‚
833 831 993 862 comes
1026 815 1317 873 Arminiaci²³⁷
1351 825 1397 861 ct
1427 816 1496 860 vir
1529 826 1668 879 atque

260 900 484 946 dominus
512 896 744 961 prudens,
778 893 873 939 dux
902 893 1261 938 Nemorsensisss.
1294 893 1513 939 Militares
1542 894 1669 939 enim

264 975 585 1040 expeditiones
621 982 762 1034 atque
799 970 1029 1016 exercitus
1072 986 1236 1015 omncs
1273 979 1318 1014 et
1351 969 1542 1031 singuli,
1582 987 1669 1033 pro

264 1054 410 1102 modo
432 1053 604 1098 virium
628 1065 817 1096 suarum
833 1085 843 1105 ,
870 1047 1046 1111 praefati
1071 1047 1306 1110 principes
1326 1046 1633 1108 collegerunt.

329 1130 428 1176 Sibi
469 1137 626 1174 autem
661 1126 865 1171 invicem
905 1122 1168 1168 condixisse
1204 1122 1473 1167 ferebantur
1510 1123 1668 1185 quod,

266 1208 326 1254 ad
358 1215 539 1252 certum
570 1204 721 1261 diem,
757 1217 923 1247 omnes
958 1210 1004 1245 et
1036 1199 1206 1261 singuli
1235 1215 1346 1244 cum
1375 1200 1469 1244 suis
1502 1200 1672 1245 milita-

266 1283 395 1330 ribus
434 1280 584 1344 copiis
621 1288 761 1340 atque
797 1274 1077 1321 exercitibus
1111 1273 1338 1319 deberent
1377 1274 1500 1320 circa
1541 1275 1674 1320 Pari-

268 1360 471 1406 siensem
498 1355 664 1402 urbem
687 1354 735 1398 in
760 1368 909 1397 unum
934 1350 1212 1408 convenire,
1240 1359 1285 1394 et
1308 1348 1422 1407 illic,
1451 1351 1498 1395 in
1525 1367 1675 1396 unum

269 1435 476 1494 collecti,
512 1448 670 1494 regem
703 1429 899 1493 quidem
936 1428 1143 1491 primum
1179 1427 1445 1487 adhortari,
1482 1427 1676 1473 demum

270 1515 434 1571 etiam,
467 1511 547 1557 ubi
579 1508 795 1556 reluctari
822 1517 962 1569 atque
989 1505 1215 1551 obsistere
1244 1504 1405 1562 vellet,
1438 1514 1677 1552 coarctare

271 1602 323 1637 ut
346 1591 393 1635 in
423 1590 549 1649 regia
574 1603 656 1633 sua
686 1583 933 1631 Parisiensi
964 1583 1208 1628 universos
1237 1581 1370 1644 regni
1393 1584 1501 1627 Tres
1524 1583 1684 1628 Status⁴

273 1666 546 1714 solemniter
557 1670 881 1725 congregaret,
898 1675 1103 1721 quorum
1118 1658 1315 1704 consilio
1334 1667 1475 1721 atque
1490 1674 1679 1704 assensu

274 1759 493 1809 proceres
530 1741 661 1803 regni
694 1738 966 1802 praefatique
999 1736 1236 1800 principes
1274 1734 1399 1797 leges
1431 1745 1477 1781 et
1510 1745 1682 1781 statuta

273 1832 414 1885 atque
431 1819 619 1865 decreta
638 1824 889 1880 ponerent,
913 1813 1084 1876 quibus
1104 1813 1258 1877 ipsum
1277 1829 1476 1875 regnum
1496 1811 1563 1873 (in
1585 1828 1680 1875 quo

275 1898 463 1963 populis
500 1895 690 1941 libertas
731 1893 882 1953 nulla,
919 1891 1097 1954 justitia
1139 1891 1327 1954 penitus
1367 1899 1600 1953 prostrata
1637 1898 1682 1934 et

277 1978 430 2039 lapsa,
466 1973 663 2037 rapinae,
699 1969 849 2034 spolia
881 1984 1169 2032 pauperum,
1205 1966 1407 2029 injuriae,
1440 1965 1682 2011 bonorum

279 2052 566 2114 direptiones
603 2065 691 2113 pro
727 2047 876 2093 nihilo
913 2045 1167 2103 ducuntur,
1213 2054 1258 2090 et
1293 2045 1551 2089 innumerae
1583 2043 1683 2089 aliae

279 2127 620 2185 exorbitantiae‚
651 2125 738 2171 sub
772 2124 900 2185 regio
934 2122 1149 2180 nomine,
1181 2120 1499 2166 inhumaniter
1523 2129 1569 2165 et
1592 2120 1682 2164 ini-

281 2220 372 2267 que
407 2211 704 2260 exercentur,
742 2199 904 2262 religio
941 2208 1102 2244 sancta
1139 2196 1446 2243 conculcatur
1485 2205 1531 2241 et
1569 2212 1685 2241 con-

282 2279 478 2342 temptui
514 2277 732 2335 babetur,
774 2276 1018 2322 immensis
1055 2285 1100 2321 et
1134 2272 1506 2321 intolerabilibus
1540 2274 1685 2318 vecti-

283 2356 463 2421 galibus
498 2365 543 2399 ct
576 2353 760 2398 tributis
797 2354 1085 2415 singularum
1125 2351 1294 2398 accolae
1331 2350 1685 2413 provinciarum

282 2432 607 2482 miserabiliter
626 2431 980 2493 opprimuntur)
1002 2432 1339 2477 instauraretur
1357 2427 1613 2490 aliquando
1638 2428 1684 2472 in

283 2513 464 2559 meliuS.

338 2642 374 2676 1.
406 2641 521 2683 Jean,
543 2635 616 2671 dne
635 2633 680 2670 ‹le
700 2630 882 2669 Lori-aine
906 2638 942 2666 ct
966 2629 1011 2665 ‹lc
1031 2630 1210 2678 Calabro,
1235 2630 1292 2667 fils
1312 2630 1362 2667 du
1384 2629 1440 2666 roi
1460 2628 1576 2666 Rene.

337 2701 374 2734 ⁰2.
407 2699 499 2733 Jcan
513 2726 522 2741 ‚
544 2702 665 2730 comte
686 2691 951 2739 (l'Armagnac.

338 2759 374 2793 3.
406 2759 567 2804 Jacques
588 2752 862 2802 d'Armagnac,
885 2746 957 2784 duc
978 2747 1024 2783 dc
1046 2750 1245 2784 Nemours.
