1923 3020
776 287 920 341 LIBER
949 284 1215 322 SECUNDUS.
1626 282 1701 317 105

364 381 532 425 Utrum
547 387 704 424 autem
719 377 934 422 omnium
954 376 1164 438 ipsorum
1179 373 1447 438 principum
1462 370 1566 418 talis
1580 380 1700 417 esset

298 466 343 502 et
381 466 475 502 tam
509 466 690 515 sancta,
728 454 917 517 qualem
949 469 996 498 se
1034 452 1209 498 habere
1251 461 1296 497 et
1332 466 1490 513 gerere
1524 449 1701 511 ubique

298 532 681 590 disseminabant,
705 531 920 588 intentio,
944 546 1146 576 asserere
1166 546 1264 575 non
1286 527 1530 574 audemus.
1551 526 1701 573 Facile

299 609 424 654 enim
448 608 575 652 credi
604 617 756 671 potest
778 606 909 670 quod
932 623 987 651 ex
1011 607 1076 652 eis
1100 604 1342 665 nonnulli,
1373 603 1583 649 humana
1603 619 1702 648 am-

298 684 479 729 bitione
501 694 547 729 et
569 684 841 748 cupiditate,
868 700 946 729 seu
973 682 1084 728 odio
1108 692 1188 728 aut
1210 681 1396 728 invidiae
1420 681 1520 727 zelo
1545 679 1699 740 exciti,

300 762 427 807 aliud
462 761 618 824 palam
652 761 860 807 dicerent
891 770 936 805 et
966 759 1279 823 sponderent,
1313 758 1441 803 aliud
1475 773 1590 802 vero
1624 773 1704 801 oc-

301 838 425 884 culte
454 847 662 900 tegerent
689 848 733 883 et
760 838 918 883 animo
950 836 1185 899 gestirent.
1217 834 1360 891 Quod
1386 835 1551 892 etiam,
1585 834 1706 879 inter

301 925 371 961 tot
406 925 655 978 tantosque
686 915 947 978 principes,
980 929 1077 958 non
1111 911 1262 957 forent
1296 912 1439 974 aliqui
1474 911 1705 957 sinceram

301 991 361 1038 ad
381 992 722 1056 rempublicam
738 992 1034 1038 affectionem
1052 998 1281 1052 gerentes,
1304 998 1348 1034 et
1366 988 1529 1034 lacerae
1548 988 1707 1050 patriae

300 1079 346 1114 et
381 1069 705 1115 miserabiliter
736 1069 976 1132 discerptae
1006 1077 1051 1113 et
1082 1081 1318 1130 oppressae
1341 1081 1439 1110 non
1466 1073 1708 1127 compate-

301 1157 487 1207 rentur,
521 1163 720 1209 eamque
746 1148 793 1192 in
826 1146 1069 1192 meliorem
1099 1144 1301 1189 formam
1330 1158 1355 1187 a
1388 1151 1516 1186 tanta
1549 1141 1707 1202 abjec-

302 1224 430 1269 tione
471 1234 516 1269 et
563 1224 859 1269 deformitate
905 1221 1152 1268 instaurari
1196 1230 1242 1265 et
1286 1219 1463 1264 restitui
1513 1218 1708 1263 minime

306 1301 497 1359 vellent,
535 1300 669 1346 valde
707 1309 1135 1363 praesumptuosum
1168 1306 1213 1343 et
1250 1294 1553 1342 temerarium
1591 1304 1710 1340 esset

300 1377 513 1440 judicare
538 1387 583 1423 et
606 1377 856 1423 defendere
880 1376 1014 1423 velle.

794 1604 1131 1650 CAPITULUM
1166 1604 1222 1647 ΙΙ.

346 1740 400 1772 An
417 1739 460 1772 ab
478 1747 602 1773 eventu
615 1764 626 1782 ,
644 1739 802 1772 onmium
821 1737 1025 1785 hujusmodi
1042 1737 1246 1785 principum
1265 1736 1413 1772 intentio
1431 1745 1464 1771 ct
1479 1745 1575 1772 actus
1593 1736 1675 1770 mali

867 1793 933 1826 sint
955 1792 1149 1840 judicandi.

374 1918 559 1963 Scimus
588 1918 780 1981 quidem
812 1919 1042 1983 plurimos
1077 1919 1216 1965 fuisse
1244 1928 1290 1964 et
1318 1933 1446 1963 nunc
1475 1932 1598 1973 esse,
1633 1916 1712 1978 qui

309 1996 369 2042 ab
396 2006 568 2042 eventu
596 2014 668 2042 res
696 1997 919 2044 duntaxat
948 1999 1204 2043 metiuntur
1226 1996 1484 2052 humanas,
1510 1993 1710 2056 quique,

309 2073 417 2118 ideo
442 2073 572 2135 quod
598 2074 867 2136 hujusmodi
899 2075 1166 2137 principum
1198 2082 1394 2119 conatus
1419 2081 1463 2117 et
1488 2071 1710 2127 intentio,

311 2168 454 2213 quam
482 2151 789 2214 praeferebant
817 2151 991 2209 verbis,
1025 2151 1231 2196 fructum
1260 2149 1455 2195 minime
1483 2148 1716 2211 pepererit

310 2229 662 2274 instaurationis
691 2228 958 2291 reipublicae,
986 2229 1033 2273 in
1064 2228 1252 2286 melius,
1286 2226 1399 2289 quin
1427 2225 1585 2288 potius
1614 2223 1715 2269 vul-

313 2321 426 2350 nera
455 2305 665 2367 ejusdem
696 2305 888 2367 (quibus
922 2304 1167 2350 medendis
1194 2319 1248 2349 ac
1277 2301 1496 2348 sanandis
1522 2316 1715 2365 operam

313 2397 361 2425 se
387 2391 431 2426 et
455 2381 693 2427 salubrem
718 2381 1009 2427 adhibituros
1036 2379 1378 2444 pollicebantur
1404 2376 1714 2437 medicinam)

316 2474 412 2502 non
446 2459 591 2503 modo
622 2475 717 2503 non
748 2458 979 2518 curarint,
1008 2458 1091 2503 sed
1116 2458 1272 2521 potius
1296 2456 1473 2502 eisdem
1505 2454 1718 2517 graviora

314 2543 359 2579 et
387 2534 629 2580 acerbiora
657 2534 925 2580 addiderint
951 2534 1094 2592 mala,
1130 2534 1203 2579 vel
1236 2533 1443 2580 addendi
1477 2543 1523 2578 et
1552 2547 1718 2577 cumu-

314 2609 442 2656 landi
474 2610 706 2656 deteriora
736 2628 875 2674 super
906 2610 1137 2674 populum
1163 2609 1393 2655 humilem
1420 2609 1719 2654 occasionem

315 2687 582 2746 attulerint,
616 2690 982 2752 pertinacissime
1015 2688 1271 2735 defendant
1302 2688 1571 2752 principum
1602 2703 1718 2750 prae·

315 2765 551 2811 dictorum
585 2766 904 2812 damnabilem
934 2766 993 2812 ab
1026 2766 1160 2812 initio
1192 2776 1236 2812 et
1267 2781 1510 2828 nunquam
1542 2773 1718 2809 rectam
