1923 3020
673 229 816 265 LIBER
850 229 1092 275 QUARTUS.
1511 234 1585 269 353

641 425 976 469 CAPITULUM
1016 427 1113 469 XV.

215 554 419 600 Quomodo,
438 556 634 590 interventu
655 558 852 603 apostolicae
869 557 958 591 sedis
973 558 1089 603 legati,
1107 571 1174 603 pax
1191 558 1281 592 inter
1297 560 1541 606 imperatorem

561 618 592 643 et
612 610 737 644 ducem
753 610 963 657 Burgundiae
981 612 1070 644 sacta
1087 611 1151 644 fuit
1168 611 1192 644 ¹.

241 731 351 774 Erat
379 737 479 773 tum
501 728 709 774 Coloniae
732 738 778 775 et
799 730 844 773 in
873 730 1033 774 castris
1050 730 1346 793 imperatoris
1370 734 1478 779 satis
1499 735 1584 781 fre-

176 820 325 867 quens
349 814 394 849 et
422 804 635 850 assiduus
666 805 889 863 AndreaS,
918 806 1167 868 episcopus
1188 807 1484 856 Forliviensis
1501 813 1530 870 ²,
1557 828 1584 858 a

176 880 284 926 sede
316 881 572 944 apostolica
594 881 770 944 legatus
805 882 852 926 in
882 891 1037 945 partes
1069 885 1356 943 Germaniae,
1393 889 1474 950 qui
1522 889 1582 935 ad

173 974 338 1021 pacem
363 958 691 1021 hujuscemodi
716 958 1101 1022 componendam
1126 960 1327 1006 multum
1347 962 1519 1010 laboris
1537 976 1583 1011 et

173 1034 419 1095 vigilantiae
442 1035 772 1099 impendebat,
800 1052 910 1081 nam
940 1035 1133 1097 singulis
1157 1053 1306 1100 prope
1334 1038 1499 1086 diebus
1522 1041 1581 1088 de

172 1110 456 1174 imperatore
479 1112 539 1158 ad
563 1112 751 1171 ducem,
776 1121 820 1157 et
842 1112 944 1157 vice
968 1127 1117 1170 versa,
1146 1113 1453 1160 intermedius
1481 1134 1583 1179 per-

173 1188 408 1234 currebat.
449 1189 590 1251 Cujus
626 1189 816 1234 tandem
847 1204 990 1252 opera
1026 1198 1168 1251 atque
1200 1189 1443 1237 laboribus
1470 1193 1582 1239 effe-

172 1273 300 1310 ctum
338 1274 406 1310 est
441 1274 492 1309 ut
523 1274 747 1326 uterque,
775 1265 914 1310 certis
944 1263 1229 1326 quibusdam
1260 1265 1470 1327 legibus,
1498 1286 1581 1316 sua

171 1353 321 1389 castra
350 1343 396 1387 in
429 1342 666 1387 diversum
700 1351 936 1400 moveret,
965 1351 1010 1387 et
1039 1341 1099 1387 ad
1126 1343 1320 1406 propria
1343 1355 1579 1391 reverten-

171 1429 237 1466 tes
253 1457 263 1477 ,
291 1419 465 1482 absque
484 1419 610 1465 bello
640 1420 783 1466 ambo
808 1419 1122 1466 discederent.

235 1497 376 1552 Quod
408 1513 516 1543 cum
540 1506 828 1542 conventum
852 1498 1115 1557 exstitisset,
1140 1498 1203 1544 ita
1223 1504 1274 1544 ut
1291 1499 1389 1561 jam
1410 1501 1580 1549 milites

169 1573 301 1619 ducis
326 1574 604 1637 Burgundiae
631 1574 690 1620 ad
723 1574 919 1620 visenda
952 1584 1103 1620 castra
1136 1575 1396 1639 imperialia
1429 1580 1579 1625 securi

167 1650 461 1710 accederent,
489 1661 535 1697 et
557 1667 582 1696 e
606 1661 789 1706 contra,
816 1651 1127 1714 venirentque
1151 1662 1439 1699 mercatores
1462 1657 1576 1702 Bur-

168 1728 313 1790 gundi
343 1728 402 1773 ad
425 1727 747 1792 comparanda
775 1728 886 1773 vina
918 1738 1228 1791 caeteramque
1265 1733 1575 1778 necessariam

166 1821 409 1852 annonam
430 1843 441 1865 ,
489 1805 661 1867 quibus
693 1805 916 1850 Germani
952 1805 1282 1863 abundabant,
1332 1810 1574 1870 Burgundi

166 1898 279 1927 vero
300 1881 601 1946 patiebantur
623 1882 889 1945 penuriam,
913 1882 1122 1944 quodam
1146 1882 1245 1941 die,
1274 1883 1444 1931 oborta
1475 1888 1572 1934 rixa

166 1958 287 2004 inter
311 1958 568 2005 nonnullos
591 1974 646 2004 ex
672 1957 898 2004 militibus
921 1958 1171 2004 ambarum
1196 1960 1419 2021 partium,
1440 1979 1574 2025 paene

167 2034 386 2080 effectum
416 2035 500 2080 fuit
522 2044 603 2091 ut,
633 2043 774 2097 rupto
811 2034 1016 2090 foedere,
1044 2034 1214 2079 iterum
1238 2036 1403 2082 saevius
1429 2054 1572 2100 quam

167 2121 303 2158 antea
327 2112 386 2158 ad
409 2128 539 2158 arma
561 2120 940 2157 concurreretur.

230 2191 349 2234 Cum
372 2199 529 2234 autem
550 2188 649 2233 haec
672 2188 770 2234 rixa
795 2203 945 2250 prope
970 2188 1185 2233 Nussiam
1213 2188 1498 2251 inchoasset,
1525 2204 1571 2240 et

165 2266 397 2329 praesidia,
424 2283 527 2329 quae
556 2265 860 2311 Colonienscs
885 2281 938 2310 ex
965 2264 1052 2310 alia
1077 2265 1178 2328 ripa
1199 2264 1372 2324 Rheni,
1404 2285 1460 2313 ex
1484 2286 1569 2334 op*

164 2345 319 2406 posito
344 2345 534 2402 Nussiae,
562 2353 772 2406 utsupra
790 2342 1011 2401 diximus,
1032 2341 1317 2404 locaverant,
1342 2343 1570 2408 hujusce-

165 2419 295 2466 modi
337 2421 484 2466 rixam
528 2419 995 2479 animadvertissent,
1038 2419 1304 2466 insilierunt
1342 2421 1390 2467 in
1427 2440 1569 2472 naves

164 2498 427 2555 onerarias,
452 2498 660 2559 jacentes
684 2497 731 2542 in
757 2496 940 2555 Rheno,
966 2497 1012 2542 in
1037 2496 1211 2559 quibus
1233 2498 1328 2544 dux
1352 2502 1570 2564 Burgun-

215 2640 252 2676 ’1.
285 2638 463 2689 Chapitre
483 2637 659 2687 imprime
675 2637 768 2674 dans
782 2636 1054 2685 l'Amplissima
1072 2639 1250 2685 collectio,
1267 2645 1294 2673 t.
1315 2638 1380 2684 IV,
1395 2639 1567 2682 col.783,

215 2702 253 2736 2.
284 2697 501 2735 Alexandre
515 2700 566 2744 (et
582 2709 658 2733 non
673 2709 739 2746 pas
753 2695 896 2743 Andre)
913 2697 960 2731 cle
973 2697 1209 2742 Malateriis,
1229 2696 1377 2746 eveque
1392 2701 1439 2735 de
1455 2701 1571 2742 Forli.

376 2782 409 2805 11
1309 2770 1358 2804 23
