1923 3020
648 246 789 280 LIBER
821 245 1036 280 TERTIUS.
1483 244 1556 277 243

160 332 429 378 ducendum
456 334 775 390 instruxerat¹,
804 348 963 377 versus
989 329 1330 376 occidentalem
1354 329 1560 392 plagam²

162 409 207 454 in
234 409 443 471 Angliam
467 410 663 473 appulit.

224 489 330 541 Quo
353 502 461 529 eum
485 486 735 549 appulisset
758 495 802 530 et
827 501 874 530 se
897 484 1090 529 nomine
1116 484 1303 530 Henrici
1327 485 1446 546 regis
1470 485 1556 530 mi-

158 562 289 607 litare
326 571 487 606 contra
531 562 826 621 Edoardum,
868 562 964 622 ejus
1006 560 1217 619 hostem,
1263 560 1437 623 ubique
1476 578 1558 624 per

159 653 353 699 regnum
394 636 684 682 disseminari
724 646 768 682 et
812 636 1041 699 publicari
1081 635 1288 693 fecisset,
1326 636 1418 681 diei
1458 653 1555 682 non

159 723 311 777 potest
348 723 550 775 quantos
587 714 787 776 ubique,
827 723 871 758 et
911 711 1224 775 populorum,
1264 722 1307 757 et
1343 714 1555 759 omnium

158 806 287 853 paene
317 799 521 835 statuum
546 792 675 851 regni
714 791 893 836 favores
918 797 1059 850 atque
1083 787 1252 833 auxilia
1275 789 1551 836 conciliarit.

158 865 339 922 Quibus
372 866 539 923 fretus,
573 866 829 912 nonnullos
857 881 912 910 ex
942 862 1200 922 officiariis,
1236 880 1355 925 quos
1385 865 1473 910 sub
1508 883 1556 912 se

156 960 243 1006 pro
265 943 395 1004 regni
419 942 821 988 administratione
841 957 894 986 ac
913 939 1253 1002 gubernatione
1272 941 1370 1003 ipse
1385 941 1557 988 Edoar-

157 1019 245 1064 dus
270 1020 552 1078 instituerat,
582 1020 628 1065 in
658 1017 870 1083 pluribus
893 1016 1007 1062 locis
1030 1016 1238 1078 punivit,
1266 1026 1310 1061 et
1334 1017 1555 1065 interiora

156 1096 285 1156 regni
322 1105 596 1158 penetrans,
633 1096 691 1140 ad
726 1091 1104 1157 persequendum
1139 1100 1184 1136 et
1217 1092 1555 1139 inveniendum

155 1170 341 1216 hostem
365 1172 619 1216 exercitum
644 1170 824 1215 direxit.

220 1249 357 1293 Venit
376 1258 532 1294 autem
557 1247 841 1305 Londonias,
869 1244 951 1290 ubi
975 1244 1204 1290 Henricus
1223 1259 1299 1288 rex
1325 1245 1553 1306 captivus,

149 1323 247 1384 jam
285 1324 426 1386 longo
469 1334 681 1387 tempore
698 1360 709 1378 ‚
760 1323 807 1367 in
853 1325 997 1367 Turre
1038 1319 1324 1366 servabatur.
1367 1322 1472 1376 Qua
1508 1321 1555 1366 in

154 1400 287 1457 urbe,
315 1416 417 1462 quae
440 1401 582 1445 totius
601 1399 731 1461 regni
756 1407 824 1444 est
847 1406 1006 1460 caput,
1037 1412 1145 1441 cum
1168 1397 1372 1459 plurimo
1398 1396 1556 1442 favore

153 1493 201 1521 se
226 1486 471 1539 exceptum
498 1475 691 1533 videret,
723 1475 978 1520 Henrieum
998 1473 1056 1519 de
1080 1472 1204 1520 dicta
1226 1476 1370 1518 Turre
1392 1482 1438 1518 et
1459 1489 1557 1518 car-

152 1568 257 1597 cere
278 1552 491 1609 absolvit,
515 1562 560 1598 et
579 1569 634 1597 ex
657 1552 843 1614 captivo
865 1566 1023 1612 regem
1046 1550 1204 1596 denuo
1228 1549 1350 1594 fecit.
1375 1551 1444 1594 De
1463 1566 1556 1612 qua

151 1629 250 1690 ejus
270 1628 546 1675 liberatione
567 1638 612 1673 et
631 1627 963 1673 sublimatione
983 1642 1182 1688 magnus
1203 1625 1454 1689 applausus
1474 1643 1557 1689 per

154 1721 335 1762 omnes,
359 1705 440 1767 qui
459 1721 649 1750 suarum
666 1704 740 1750 vel
759 1704 869 1749 dieti
894 1703 1117 1748 chcrvich
1135 1702 1340 1766 partium
1360 1701 1556 1747 studiosi

151 1792 307 1839 erant,
343 1799 425 1845 per
454 1798 649 1843 regnum
681 1781 852 1843 Angliae
881 1780 1153 1826 universum
1182 1779 1328 1825 factus
1356 1779 1464 1836 fuit;
1491 1779 1557 1824 sic

152 1859 281 1921 quod
306 1860 443 1922 pauci
468 1858 689 1904 Edoardo
718 1867 933 1921 parentes
958 1867 1098 1920 atque
1123 1856 1396 1902 obedientes
1422 1873 1556 1902 man-

151 1945 333 1992 serunt,
366 1936 413 1980 in
442 1945 597 1998 partes
621 1935 838 1981 adversas
867 1935 1008 1980 totius
1030 1950 1161 1997 paene
1188 1933 1319 1995 regni
1346 1933 1555 1979 multitu-

151 2011 262 2057 dine
285 2012 570 2057 confluente.

214 2089 304 2134 Sed
343 2090 595 2134 contractis
634 2088 942 2134 nihilominus
978 2087 1150 2150 copiiS,
1193 2104 1310 2150 quas
1343 2097 1551 2152 poterat,

153 2165 419 2223 Edoardus,
464 2183 516 2212 ex
543 2166 615 2211 his
644 2182 764 2228 quos
792 2164 879 2210 sibi
910 2164 1056 2226 magis
1082 2163 1203 2209 fidos
1235 2164 1549 2221 existimabat,

148 2243 271 2288 hosti
310 2243 501 2289 obviam
526 2244 591 2288 ire
628 2253 672 2288 et
697 2242 756 2288 ad
782 2252 1019 2288 certamen
1055 2258 1451 2305 congressumque
1475 2259 1554 2288 ve-

150 2320 250 2365 nire
274 2321 511 2381 cogitavit.
543 2324 713 2366 Verum
740 2336 848 2365 cum
872 2319 918 2364 id
944 2335 1078 2381 agere
1103 2319 1365 2378 moliretur,
1393 2330 1437 2366 et
1455 2320 1551 2382 jam

204 2473 240 2507 ¹1.
278 2490 293 2503 ιι
318 2475 369 2508 Le
392 2486 527 2521 roy...
552 2475 610 2509 {ist
633 2472 820 2510 avitailler
842 2486 881 2510 sa
901 2473 983 2520 nef,
1014 2473 1048 2509 la
1069 2473 1138 2509 nef
1158 2471 1205 2509 de
1224 2475 1320 2524 Mgr.
1345 2473 1552 2517 l'admiral,

150 2533 184 2569 la
203 2534 272 2569 nef
289 2533 335 2570 de
356 2535 472 2571 Colon
498 2534 793 2581 (vice-amii·al)‚
816 2543 852 2571 et
872 2535 1009 2572 aultres
1030 2534 1218 2584 plusieurs
1237 2534 1360 2572 beaux
1380 2534 1551 2579 navires,

147 2591 289 2628 dedans
316 2593 478 2642 lesquels
504 2607 542 2630 se
566 2595 703 2630 inirent
726 2604 761 2631 et
784 2594 986 2631 bout'erent
1015 2593 1144 2631 lesdits
1173 2593 1220 2630 de
1248 2595 1428 2632 Clarence
1449 2603 1485 2631 et
1506 2593 1552 2630 de

147 2651 323 2689 Warwik.
349 2668 364 2682 ι»
388 2652 528 2689 Chron.
550 2652 696 2699 scand.‚
719 2655 771 2688 ad
781 2667 868 2689 αηη.
895 2656 1010 2691 1470.

200 2711 236 2746 2.
271 2715 297 2746 Α
321 2710 523 2762 Plymouth
545 2721 581 2749 et
599 2715 620 2748 a
639 2713 878 2752 Dartmouth.
