1923 3020
703 235 847 269 LIBER
875 235 1100 280 QUINTUS.
1530 233 1604 267 415

206 320 332 367 unde
364 336 493 368 arma
525 330 878 384 compararent,
915 336 1011 366 non
1042 318 1296 377 haberent,
1333 334 1606 381 quanquam

205 396 407 460 plurima
432 397 525 442 illic
549 397 676 460 apud
700 406 983 443 mercatores
1006 395 1189 442 venalia
1213 394 1515 441 haberentur.

271 477 382 520 Post
419 473 610 534 longam
656 474 795 535 igitur
834 484 879 519 et
923 475 1032 537 ipsis
1071 473 1281 519 hibernis
1320 481 1606 536 protractam

205 550 444 597 mensibus
468 548 782 606 obsidionem,
805 550 903 611 jam
931 550 1034 612 ipso
1060 550 1447 612 Burgundionum
1477 566 1606 595 exer-

206 629 323 685 citu,
356 642 470 687 quas
494 626 813 689 praediximus,
840 626 1181 673 calamitatibus
1204 628 1437 690 perfracto
1464 638 1510 674 et
1536 638 1606 674 at-

205 706 316 750 trito
340 740 350 759 ‚
391 704 514 749 circa
549 702 774 748 kalendas
807 703 1093 764 januarias¹,
1137 704 1196 750 ad
1236 705 1607 767 oppugnandam

207 779 529 835 obsidionem,
558 780 628 825 sui
653 779 797 841 ipsius
825 779 1121 841 imperatoris
1158 788 1254 824 tam
1291 780 1607 827 obstinatione

205 871 346 917 quam
371 856 629 901 temeritate
644 855 741 917 jam
765 854 996 900 devictam
1021 864 1162 916 atque
1185 855 1499 915 confractam,
1528 857 1607 903 ad-

205 944 271 980 est
312 934 624 995 Lotharingiae
666 933 761 978 dux
806 949 914 978 cum
954 932 1136 994 magnis
1181 943 1277 978 tam
1320 934 1606 980 Suitensium

204 1026 347 1072 quam
376 1011 745 1056 Alemannorum
777 1010 938 1073 copiis.
978 1010 1071 1065 Qui
1103 1026 1199 1054 non
1228 1010 1402 1071 ignari,
1435 1028 1537 1073 quae
1563 1020 1608 1057 et

204 1097 380 1149 quanta
409 1087 645 1132 calamitas
675 1097 814 1148 atque
840 1085 1131 1131 imbecillitas
1155 1085 1472 1131 obsidentium
1496 1087 1606 1133 hos-

204 1163 322 1208 tium
347 1173 496 1209 castra
520 1163 796 1227 compleret,
825 1162 1046 1209 audacter
1072 1170 1117 1207 et
1141 1163 1273 1224 quasi
1298 1180 1378 1226 spe
1402 1164 1606 1211 victoriae

203 1257 300 1285 non
328 1241 521 1298 incerta,
549 1241 607 1286 ad
632 1239 1007 1304 oppugnandum
1038 1240 1389 1300 Burgundiones
1412 1242 1606 1304 propius

204 1326 515 1362 accesserunt.
545 1317 686 1372 Quod
717 1316 795 1361 ubi
823 1316 1050 1380 persensit
1078 1315 1176 1360 dux
1204 1315 1279 1361 ille
1307 1317 1604 1379 Burgundio-

207 1410 342 1453 num,
376 1394 555 1440 eductis
578 1404 705 1439 extra
733 1403 884 1439 castra
907 1393 1021 1452 suis,
1055 1409 1175 1455 quos
1198 1392 1372 1439 habere
1396 1404 1602 1457 poterat,

205 1471 344 1516 etiam
366 1470 425 1515 ad
451 1469 854 1531 congrediendum
879 1486 988 1514 cum
1013 1468 1227 1514 hostibus
1252 1469 1467 1515 festinato
1491 1487 1605 1516 con·

204 1545 371 1591 tendit.
403 1550 552 1608 Atque
583 1545 665 1591 ubi
694 1547 815 1591 acies
846 1546 1055 1604 hostiles,
1086 1561 1253 1590 manus
1283 1562 1529 1592 conserere
1562 1556 1606 1592 et

203 1638 313 1667 cum
333 1622 521 1677 lanceis,
547 1623 698 1668 contis
718 1632 858 1684 atque
883 1622 1058 1667 balistis
1080 1622 1332 1667 adversum
1357 1639 1404 1668 se
1428 1623 1605 1671 irruere

203 1708 525 1761 properantes,
552 1699 736 1744 eminus
760 1708 1118 1762 prospexerunt,
1147 1698 1246 1760 jam
1271 1709 1511 1762 perantea,
1539 1700 1606 1746 uti

204 1774 423 1835 diximus,
445 1775 555 1821 victi
572 1785 618 1821 et
638 1775 785 1835 fracti,
807 1775 873 1821 nil
892 1775 1018 1821 aliud
1036 1792 1179 1838 quam
1196 1775 1255 1821 de
1274 1776 1380 1838 fuga
1401 1778 1605 1840 cogitare

204 1862 465 1915 coeperunt.

268 1932 406 1975 Facta
428 1930 585 1993 itaque
609 1929 742 1976 facile
766 1929 872 1988 fuit,
900 1940 945 1975 et
975 1929 1152 1992 absque
1176 1930 1275 1976 ullo
1300 1946 1431 1993 paene
1454 1941 1604 1978 certa-

203 2007 329 2052 mine
354 2006 427 2052 vel
455 2007 667 2069 negotio,
695 2006 973 2053 miserabilis
997 2008 1144 2052 caedes
1168 2007 1459 2068 fugientium.
1489 2011 1604 2064 Quae

203 2092 386 2143 tamen,
425 2085 589 2147 procul
630 2084 804 2142 dubio,
846 2083 1048 2145 amplior
1085 2093 1225 2145 atque
1262 2084 1467 2129 atrocior
1502 2083 1603 2130 fleri

202 2161 446 2220 potuisset,
470 2162 506 2206 si
526 2177 622 2205 non
644 2160 800 2206 hostes
825 2159 920 2223 [ad]
942 2161 1291 2207 miserationem
1316 2178 1371 2207 ex
1393 2162 1602 2208 hostium

203 2235 516 2281 imbecillitate
540 2238 760 2299 permoti,
787 2237 846 2282 ad
870 2236 1176 2299 captivandos
1199 2238 1354 2302 potius
1375 2255 1518 2301 quam
1542 2240 1601 2286 ad

204 2314 502 2377 perimendos
524 2314 757 2377 supplices
783 2332 829 2360 se
854 2315 1107 2361 dedissent.

268 2395 433 2436 Fuerat
462 2392 507 2436 in
539 2393 695 2437 castris
723 2392 854 2437 ducis
889 2393 1280 2455 Burgundionum
1309 2404 1353 2441 et
1382 2398 1490 2442 satis
1519 2397 1598 2443 diu

202 2468 289 2513 sibi
324 2468 544 2514 militarat
575 2485 732 2514 comes
768 2469 826 2514 de
859 2472 1238 2534 Campo-Basso,
1276 2474 1455 2532 Italusffi
1491 2492 1597 2522 cum

256 2595 289 2632 1.
324 2596 379 2630 De
398 2593 473 2641 l'an
495 2595 610 2632 1477.

254 2654 291 2688 ⁶2.
324 2652 471 2689 Nicolas
492 2652 538 2689 de
558 2654 757 2692 Montfort.
786 2663 909 2691 comte
931 2654 978 2692 de
1002 2658 1302 2707 Campo—Basso,
1325 2659 1415 2697 etait
1441 2661 1597 2712 Napoli-

203 2713 292 2758 tain,
315 2720 350 2749 et
367 2712 512 2762 refugit}
534 2712 585 2749 du
605 2714 701 2762 parti
720 2714 766 2750 de
787 2714 822 2750 la
844 2714 986 2751 maison
1006 2715 1184 2764 d'Anjou.
