1923 3020
275 246 349 279 270
635 244 968 279 HISTORIARUM
998 245 1058 278 LU
1068 245 1231 279 DOVICI
1261 247 1314 279 XI

275 330 603 391 triumphalem
629 329 888 390 ingressum
915 328 975 373 ad
998 328 1121 374 hanc
1142 345 1275 374 suam
1296 330 1468 390 regiam
1490 330 1672 388 urbem,

275 407 319 450 in
347 405 539 450 diversis
566 405 697 466 regni
726 404 934 467 partibus
960 406 1084 467 capti
1110 406 1307 451 fuerant.

337 484 403 525 De
435 481 566 542 cujus
599 481 812 544 profecto
848 483 1017 543 reginae
1049 483 1255 528 duorum
1288 482 1402 527 olim
1425 499 1677 544 regnorum

271 557 709 619 potentissimorum
727 593 738 615 ‚
767 559 973 604 Franciae
1000 568 1043 604 et
1065 559 1259 621 Angliae,
1288 561 1506 605 aeruninis
1534 571 1676 623 atque

271 634 615 680 calamitatibus
650 652 748 680 non
775 635 1001 681 absimilia
1039 637 1130 682 dici
1159 646 1372 700 possent,
1403 653 1544 700 quam
1575 655 1678 700 quae

270 727 411 775 supra
434 712 492 758 de
517 714 591 758 sui
618 713 804 758 Henriei
829 713 1095 759 infelicitate
1119 731 1144 760 a
1169 714 1306 760 nobis
1326 714 1529 760 breviter
1551 716 1680 760 stric-

271 788 450 851 timque
480 790 623 836 relata
652 800 759 836 sunt
787 809 796 835 ε
828 791 958 853 quod
999 791 1151 854 plures
1185 793 1311 838 enim
1344 791 1677 854 tragoediarum

271 876 410 928 atque
434 867 654 930 lugubres
683 878 728 913 et
753 867 952 913 luctuosi
977 868 1035 914 de
1064 885 1118 914 ea
1142 869 1273 915 facile
1305 869 1415 931 fingi
1441 871 1672 932 possent¹.

271 944 407 1008 Apud
430 945 584 1007 ipsum
605 955 761 990 tamen
783 945 1056 991 Edoardum
1077 947 1301 991 victorem
1324 946 1467 991 hodie
1487 946 1674 1002 (licitur,

269 1020 375 1067 loco
401 1021 728 1068 honestissimo
755 1031 800 1068 et
822 1031 968 1080 statu,
993 1040 1101 1067 cum
1124 1038 1207 1067 sua
1224 1023 1382 1083 regina
1401 1032 1539 1085 atque
1563 1040 1678 1068 con·

264 1098 401 1160 juge²
426 1099 615 1144 retineri
639 1109 684 1144 et
708 1099 871 1144 foveri.
897 1102 1059 1144 Fertur
1082 1100 1209 1143 enim
1228 1099 1359 1159 quod
1381 1115 1488 1144 cum
1513 1100 1599 1145 sibi
1617 1099 1676 1146 ab

272 1174 518 1232 Edoardo‚
554 1185 806 1238 postquam
841 1174 928 1219 sub
964 1175 1064 1236 ejus
1098 1184 1290 1220 venerat
1322 1190 1519 1234 manus,
1552 1175 1676 1222 obla·

270 1260 371 1296 tum
396 1251 551 1297 fuisset
579 1262 629 1296 ut
655 1269 679 1297 e
706 1251 896 1296 duobus
920 1250 1142 1310 alterum,
1171 1251 1303 1313 quod
1326 1251 1509 1309 mallet,
1539 1252 1678 1315 elige-

269 1337 364 1385 ret,
388 1327 461 1373 vel
493 1328 552 1373 ad
584 1328 784 1391 patriam
814 1336 1124 1390 parentesque
1154 1328 1330 1383 redire,
1363 1328 1435 1373 vel
1460 1329 1507 1373 in
1533 1345 1677 1390 regno

269 1421 355 1449 suo
376 1405 517 1449 vitani
540 1404 732 1467 diesque
751 1421 861 1450 suos
881 1403 1106 1467 perficere
1126 1421 1180 1450 ac
1204 1404 1336 1450 finire
1351 1406 1389 1449 ³:
1416 1405 1452 1449 si
1473 1405 1679 1468 primum

270 1482 485 1542 eligeret,
514 1482 751 1544 navigium
776 1499 885 1528 cum
916 1482 1117 1528 honesto
1148 1484 1374 1528 comitatu
1404 1484 1678 1546 cunctisque

270 1559 410 1605 rebus
435 1561 706 1605 necessariis
730 1577 778 1605 se
811 1561 853 1605 ei
885 1559 1193 1624 praebiturum
1228 1560 1326 1606 sore
1344 1596 1355 1618 ⁷
1383 1561 1443 1606 ad
1466 1577 1570 1606 eam
1594 1561 1680 1606 de-

269 1636 566 1696 ducendam3
601 1639 672 1683 sin
704 1654 818 1683 vero
853 1639 1006 1700 potius
1042 1639 1088 1683 in
1122 1654 1268 1701 regno
1306 1654 1393 1684 suo
1428 1639 1679 1684 consistere

269 1714 455 1771 mallet,
501 1714 723 1759 daturum
759 1731 807 1760 se
842 1713 1174 1760 honorabilem
1215 1714 1495 1777 pensionem
1534 1714 1680 1763 annui

270 1791 496 1848 redditus,
524 1801 567 1836 et
585 1808 687 1837 eam
709 1792 840 1836 omni
863 1790 1020 1836 favore
1040 1791 1264 1854 prosequi
1287 1800 1332 1836 et
1355 1790 1643 1836 humanitate
1664 1807 1676 1835 :

269 1869 415 1931 ipsam
442 1869 597 1932 potius
614 1869 802 1930 elegisse
825 1869 1111 1927 secundum,
1132 1868 1304 1914 scilicet
1321 1869 1370 1913 in
1390 1867 1549 1929 Anglia
1571 1884 1679 1913 con-

268 1947 428 1992 sistere
452 1956 497 1992 et
521 1948 805 1992 remanere&

325 2071 360 2105 1.
393 2069 421 2105 Il
450 2083 474 2119 y
499 2084 520 2107 a
542 2070 591 2108 ici
618 2084 693 2107 une
723 2070 923 2107 alteration
953 2069 1140 2120 prosonde
1169 2070 1220 2107 du
1247 2077 1366 2115 texte,
1392 2070 1486 2107 mais
1509 2069 1599 2119 qu'il
1625 2077 1680 2106 est

271 2140 345 2177 peu
367 2128 459 2165 utile
481 2129 527 2166 de
547 2129 732 2166 chereber
753 2131 773 2165 a
792 2128 962 2166 retablir.

324 2189 361 2223 2.
394 2183 583 2226 Elisabeth
595 2189 789 2239 Wydvile‚
810 2190 885 2226 fille
902 2189 949 2226 de
968 2189 1052 2226 lord
1069 2189 1219 2234 Rivers,
1237 2188 1329 2225 dont
1343 2188 1377 2224 le
1397 2188 1563 2238 mariage
1586 2199 1679 2225 avec

272 2241 448 2282 Edouard
469 2249 515 2282 IV
540 2248 640 2283 avait
663 2248 720 2284 ete
744 2248 779 2285 la
805 2261 917 2285 cause
941 2248 1129 2299 premiere
1152 2248 1198 2286 de
1225 2256 1344 2285 tontes
1368 2250 1422 2286 les
1444 2247 1679 2286 revolutions

271 2304 364 2341 dont
384 2318 432 2341 on
452 2305 556 2342 vient
577 2306 622 2343 de
642 2308 712 2344 lire
733 2308 767 2345 le
788 2309 894 2346 fecit.

327 2366 362 2400 3.
398 2366 531 2399 Venire
551 2364 643 2400 (lans
663 2366 698 2402 le
720 2380 788 2404 ms.

326 2426 362 2459 4.
392 2423 569 2460 L'ancien
590 2433 814 2462 annotaicur
839 2426 890 2462 du
911 2439 981 2463 ms.
1006 2428 1108 2463 5962
1134 2440 1155 2463 a
1181 2427 1306 2474 ajout&
1332 2439 1379 2464 en
1403 2440 1532 2478 marge
1555 2441 1562 2462 :
1589 2429 1676 2464 Cum

271 2487 444 2519 nimirum
465 2485 687 2519 meminisset
705 2490 787 2530 jam
808 2495 920 2520 antea
943 2501 967 2520 (ι
986 2489 1141 2522 Francis
1165 2501 1203 2522 se
1224 2491 1316 2522 satis
1338 2489 1463 2522 leviter
1484 2495 1676 2535 exceptam

271 2556 362 2582 esse.
382 2547 425 2580 Je
443 2555 490 2580 ne
510 2542 582 2579 sais
599 2542 628 2578 si
643 2545 732 2579 c’esi
751 2557 822 2580 une
843 2545 944 2595 glose
965 2559 1014 2582 ou
1035 2559 1109 2582 une
1124 2546 1304 2584 omission
1320 2546 1366 2584 de
1380 2546 1486 2597 copie
1505 2546 1672 2596 reparee.

272 2605 323 2638 Le
344 2602 409 2639 fait
427 2602 593 2638 constate
617 2615 685 2651 par
705 2616 747 2638 ce
768 2616 924 2652 passage
944 2603 990 2639 (le
1012 2605 1173 2642 Thomas
1198 2606 1307 2643 Basin
1327 2605 1421 2642 n'est
1446 2618 1511 2656 pas
1530 2605 1621 2641 dans
1641 2603 1675 2640 la

273 2660 431 2697 relation
452 2660 648 2710 sranrgaise.
675 2660 703 2696 ll
722 2660 799 2697 saut
816 2661 850 2697 le
867 2661 1084 2698 consideret·
1103 2677 1248 2701 comme
1270 2677 1342 2701 une
1360 2664 1406 2700 de
1424 2677 1484 2701 ces
1501 2663 1676 2700 ridiculos

274 2720 442 2755 versions
468 2719 746 2768 qu’accueillait
773 2732 864 2756 avec
888 2731 1184 2769 cmpressement
1208 2723 1242 2759 la
1271 2723 1452 2759 credulite'
1475 2722 1541 2758 des
1564 2721 1677 2768 sujets
