1923 3020
256 236 265 269 l
278 237 298 266 0
615 235 955 272 HISTORIARUM
983 236 1217 272 LUDOVICI
1243 237 1298 271 XI

251 323 377 370 suere
397 339 613 369 numero.
637 325 942 370 Postmodum
959 340 1071 368 vero
1091 339 1170 367 rex
1183 322 1243 368 ad
1258 322 1528 368 convivium
1545 338 1653 369 curn

252 399 541 463 principibus
565 408 609 445 et
631 399 830 463 praelatis
856 399 1068 455 recessit,
1095 397 1225 461 quod
1257 397 1520 461 sumptibus
1543 399 1652 444 civi-

251 478 353 522 tatis
387 476 847 538 magnificentissime
886 485 929 520 et
965 474 1342 538 splendidissime
1377 475 1654 539 adparatum

250 562 345 597 erat
370 553 415 598 in
443 552 548 599 aula
573 553 751 614 majore
778 552 937 615 palatii
960 551 1387 615 archiepiscopalis.

316 629 510 692 Expleto
543 639 701 674 autem
734 628 979 685 convivio,
1016 628 1169 674 statim
1202 645 1306 685 rex,
1344 638 1450 690 toga
1477 638 1652 676 mutata

250 722 416 770 quam,
453 706 569 751 dum
600 715 816 768 ageretur
850 705 1215 751 consecrationis
1247 707 1545 768 mysterium,
1585 708 1654 752 in-

250 783 444 842 duerat,
475 783 613 828 aliam
640 782 923 839 bieolorem,
953 790 1003 826 ut
1035 791 1279 845 perantea‚
1318 783 1391 827 vix
1425 799 1571 846 usque
1595 784 1654 830 ad

252 871 382 906 nates
407 862 775 925 pervenientem,
801 876 1059 917 assumens,
1080 859 1139 905 ad
1157 860 1326 921 gradus
1340 870 1446 907 ante
1466 872 1653 926 portam

250 938 536 984 anteriorem
561 937 766 983 ecclesiae
789 955 961 1001 equum
987 938 1288 992 conscendit,
1316 955 1423 984 cum
1451 940 1655 986 satelliti-

250 1014 339 1060 bus
361 1014 518 1060 multis
542 1014 599 1060 ad
627 1014 967 1060 monasterium
992 1013 1234 1077 praefatum
1259 1015 1407 1060 sancti
1437 1015 1655 1061 Theodo-

251 1092 333 1137 rici
355 1107 566 1136 reversus
587 1093 615 1137 ¹.

316 1170 433 1214 Cum
458 1178 615 1214 autem
635 1168 757 1212 cives
782 1183 830 1211 se
855 1177 899 1211 et
919 1166 1089 1212 urbem
1125 1182 1259 1213 suam
1294 1175 1432 1229 atque
1458 1168 1655 1231 patriam

252 1247 293 1291 ei
317 1246 746 1303 commendassent,
773 1244 1045 1307 suppliciter
1071 1254 1288 1307 rogantes
1311 1255 1542 1307 quatenus
1571 1245 1655 1292 tal-

249 1323 348 1377 lias,
380 1323 584 1385 gabellas
606 1331 650 1367 et
668 1321 849 1384 dixjersa
873 1321 1132 1384 vectigalia,
1151 1339 1174 1367 a
1191 1331 1320 1385 patre
1339 1338 1425 1368 suo
1444 1322 1505 1368 ob
1523 1339 1656 1385 guer-

250 1417 409 1445 rarum
435 1399 732 1445 necessitates
756 1398 1020 1462 impositas‚
1050 1398 1124 1443 vel
1144 1398 1379 1443 remittere
1404 1399 1475 1443 vel
1499 1398 1656 1444 mode-

252 1477 341 1522 rari
365 1476 529 1533 vellet,
562 1493 611 1521 se
641 1476 900 1537 benignum
941 1485 1079 1538 atque
1110 1475 1388 1521 clementem
1421 1485 1656 1522 ostentare

250 1553 435 1612 volens,
462 1552 651 1617 publice
675 1553 787 1598 dixit
812 1562 856 1598 et
880 1552 1114 1616 pollicitus
1146 1562 1214 1597 est
1250 1551 1404 1615 palam
1433 1551 1657 1598 omnibus

250 1646 298 1676 se
322 1631 523 1677 maxime
547 1630 813 1676 desiderare
835 1630 883 1675 id
907 1629 1109 1686 efficere,
1135 1628 1348 1691 velleque
1375 1627 1537 1675 tollere
1555 1645 1656 1675 om-

250 1723 331 1752 nes
369 1706 642 1768 hujusmodi
682 1706 830 1752 tallias
864 1716 910 1751 et
945 1706 1210 1752 exactiones
1250 1705 1308 1751 de
1338 1714 1438 1750 toto
1477 1721 1652 1767 regno,

250 1784 498 1847 ipsumque
519 1800 714 1846 regnum
739 1783 798 1828 ad
822 1800 929 1828 suas
960 1783 1175 1845 antiquas
1199 1781 1434 1828 libertates
1457 1783 1655 1828 omnino

250 1862 493 1906 restituere
528 1871 574 1906 et
613 1861 888 1906 instaurare.
924 1862 1074 1924 Super
1109 1876 1204 1923 quo
1243 1860 1406 1919 ctiam,
1443 1859 1655 1922 sequenti

253 1938 344 1997 die,
376 1955 483 1984 cum
507 1956 591 2003 per
614 1938 867 2002 quemdam
893 1938 1167 2001 episcopum
1191 1937 1349 1999 regni²
1377 1936 1656 2000 supplicatio

251 2013 490 2060 humiliter
519 2032 572 2061 ac
605 2015 774 2061 devote
801 2014 889 2060 sibi
920 2014 1074 2072 fieret,
1109 2023 1154 2059 et
1180 2023 1229 2059 ut
1262 2013 1391 2076 regni
1424 2012 1652 2076 populos,

254 2091 392 2135 tantis
433 2090 717 2136 tributorum
757 2090 1005 2147 oneribus,
1051 2091 1251 2152 angariis
1292 2101 1337 2135 et
1371 2090 1656 2153 perangariis

255 2167 577 2213 miserabiliter
601 2169 784 2214 attritos
810 2178 854 2214 et
874 2168 1099 2224 afflictos,
1129 2168 1281 2213 levare
1305 2183 1386 2212 sua
1408 2166 1655 2214 clementia

254 2244 540 2306 dignaretur,
567 2245 721 2290 verbis
759 2245 972 2308 plurimis
1004 2262 1051 2290 se
1083 2245 1131 2290 id
1154 2261 1294 2308 quam
1321 2243 1655 2290 inaxime.affe-

254 2329 379 2366 ctare
409 2320 628 2365 ostendit.
660 2324 708 2365 ln
732 2323 894 2384 primis
919 2322 1044 2366 enim
1066 2321 1346 2385 supplicanti
1371 2320 1537 2381 gratias
1558 2336 1655 2365 ma-

256 2413 369 2459 gnas
389 2413 437 2442 se
461 2396 634 2441 habere
657 2396 796 2453 dixit,
819 2397 949 2459 quod
973 2398 1031 2443 de
1054 2414 1108 2443 ea
1126 2414 1175 2442 re
1197 2413 1306 2442 eum
1337 2396 1657 2443 commonefa-

257 2482 382 2519 ceret
412 2489 537 2535 quae,
572 2488 667 2536 prae
694 2473 915 2517 omnibus
939 2473 1078 2519 rebus
1101 2472 1465 2536 temporalibus,
1496 2473 1656 2519 animo

313 2613 349 2648 ’1.
381 2612 454 2647 Sic.
478 2607 656 2658 Corrigez
676 2620 895 2642 reversurus.

314 2670 351 2704 2.
385 2669 451 2705 Cet
477 2668 622 2716 eveque
646 2666 735 2702 ctait
759 2666 922 2702 Thomas
952 2665 1061 2701 Basin
1090 2666 1307 2704 lui-meme,
1331 2667 1422 2704 Voir
1445 2667 1499 2704 les
1527 2666 1657 2703 details

260 2729 309 2763 οὺ
332 2726 355 2762 il
378 2735 489 2763 entre
505 2728 524 2762 ὲ
543 2738 585 2763 ce
603 2725 698 2772 sujet
718 2725 810 2763 dans
830 2737 896 2761 son
916 2725 1115 2775 Apologie,
1140 2725 1166 2764 l.
1183 2728 1215 2774 1,
1235 2739 1268 2764 c.
1286 2741 1314 2762 11
1334 2735 1371 2762 et
1388 2740 1446 2762 111.
