1923 3020
309 223 382 257 310
667 216 1004 253 HISTORIARUM
1034 215 1268 250 LUDOVICI
1295 216 1351 250 XI

304 310 485 356 nandas
517 321 644 351 escas
665 341 676 362 ,
704 313 749 349 et
776 320 879 366 quae
906 303 1120 348 humano
1146 303 1248 348 usui
1274 302 1467 348 minime
1502 319 1599 348 esse
1633 320 1707 349 so-

302 391 428 443 lent,
473 385 823 447 constringente
852 383 986 429 famis
1011 383 1166 428 inedia
1185 420 1196 441 ,
1226 392 1516 444 urgerentur.
1547 385 1710 428 Fertur

302 467 425 512 enim
445 464 510 509 ibi
538 462 656 508 libra
674 462 888 508 carnium
908 461 1021 506 muli
1038 461 1111 507 vel
1129 462 1247 507 asini
1266 460 1551 506 venumdata
1571 460 1711 505 fuisse

302 541 459 586 medio
485 540 667 584 floreno
699 537 966 599 Aragoniae3
1001 554 1118 600 quas
1147 554 1231 583 nec
1255 554 1342 600 pro
1366 538 1573 583 nummis
1597 537 1706 592 suis,

301 620 381 681 qui
423 616 673 681 cupiebat,
717 615 1006 678 frequentius
1043 615 1232 661 venales
1263 624 1444 678 poterat
1480 615 1706 661 invenire.

301 695 393 741 Sed
423 710 534 740 cum
566 692 789 739 adversus
823 694 1027 737 Francos
1069 691 1337 754 frequenter
1374 691 1631 748 insilirent,
1674 691 1710 736 si

300 772 374 818 vel
407 772 617 828 asinum,
658 769 731 814 vel
770 768 897 814 aliud
933 768 1202 830 jumentum
1239 768 1299 814 ad
1331 785 1379 814 se
1417 768 1600 814 trabere
1633 784 1713 831 po-

301 849 524 905 tuissent,
564 863 652 911 pro
701 863 798 891 non
830 845 1020 890 modico
1062 845 1179 890 illud
1216 855 1393 908 tropaeo
1429 844 1708 890 ducebatur.

303 926 537 972 Nonnulla
571 925 637 970 eis
667 923 905 969 interdum
932 923 1128 985 alicujus
1156 939 1358 969 annonae
1393 924 1599 986 provisio
1632 939 1714 986 per

304 1005 555 1050 Elnensem
576 1002 810 1047 civitatem
832 1038 843 1059 ,
883 1018 936 1045 ex
963 1000 1079 1045 mari
1119 1009 1198 1044 aut
1228 1000 1537 1062 Ampuritano
1554 1002 1581 1054 ¹,
1608 1017 1715 1063 pro-

303 1080 517 1127 veniebat
553 1097 562 1124 :
599 1093 741 1141 quam
784 1077 960 1122 obsessi
1001 1085 1144 1121 noctu
1189 1076 1309 1120 clam
1333 1113 1343 1133 ,
1381 1092 1466 1138 per
1499 1076 1634 1122 devia
1669 1087 1716 1122 et

305 1158 458 1203 varios
489 1156 710 1201 itinerum
742 1153 1004 1210 anfractus,
1034 1153 1156 1197 intra
1179 1167 1262 1197 sua
1286 1152 1459 1197 moenia
1484 1168 1591 1197 cum
1618 1169 1715 1198 ma-

305 1234 407 1295 gnis
434 1232 649 1296 periculis
675 1229 932 1292 aliquando
955 1228 1267 1287 invebebant3
1296 1228 1378 1273 sed
1402 1228 1450 1273 id
1473 1243 1581 1273 raro
1601 1238 1647 1273 et
1669 1229 1717 1273 in

305 1319 401 1354 tarn
426 1308 590 1369 exigua
615 1305 891 1368 quantitate,
926 1319 1031 1365 quae
1054 1319 1141 1348 nec
1167 1303 1253 1348 toti
1280 1301 1479 1347 obsessae
1503 1302 1720 1347 multitu-

308 1386 432 1443 dini,
467 1400 582 1439 nec,
622 1382 708 1427 nisi
734 1381 792 1426 ad
834 1380 1078 1425 modicum
1117 1389 1337 1442 tempus,
1377 1378 1594 1425 sufficere
1632 1396 1718 1442 po-

308 1464 487 1508 tuisset.

374 1537 685 1585 Persistebant
709 1545 864 1581 tamen
893 1536 1052 1593 etiam,
1080 1534 1125 1578 in
1153 1542 1280 1579 tanta
1303 1549 1459 1578 rerum
1485 1533 1714 1594 angustia,

307 1634 354 1662 se
377 1633 483 1661 cum
505 1631 590 1659 suo
617 1631 721 1676 rege
748 1613 943 1657 viriliter
968 1610 1248 1669 defendere3
1278 1620 1324 1656 et
1346 1609 1585 1656 interdum
1610 1626 1720 1656 cum

308 1709 481 1755 magno
517 1691 702 1754 agmine
736 1707 759 1735 e
793 1690 942 1752 portis
980 1697 1298 1751 erumpentes,
1335 1686 1639 1750 quamplures
1665 1703 1719 1732 ex

307 1770 549 1829 hostibus,
589 1768 846 1832 praesertim
872 1768 908 1812 si
935 1776 1247 1828 evagarentur
1279 1764 1511 1810 incautius
1536 1774 1581 1809 et
1610 1764 1720 1810 lon-

310 1850 410 1912 gius
434 1865 458 1894 e
482 1847 642 1893 castris
671 1863 770 1891 sese
796 1844 1123 1899 effunderent,
1157 1842 1456 1906 perimebant
1481 1841 1552 1887 vel
1578 1841 1720 1887 duce-

310 1927 425 1972 bant
461 1925 698 1988 captivos;
742 1924 804 1968 ita
841 1921 973 1984 quod
1005 1921 1148 1966 etiam
1191 1920 1372 1982 aliquot
1404 1919 1462 1965 de
1506 1917 1722 1964 hostibus

311 2003 475 2061 millia,
504 2018 587 2065 per
606 2002 756 2046 varias
781 2000 932 2054 vices,
962 1997 1221 2043 trucidasse
1247 1997 1540 2053 ferebantur,
1569 2005 1613 2040 et
1637 1994 1721 2040 ali-

312 2079 504 2142 quando
524 2079 582 2123 ‹le
604 2077 850 2141 praecipuis
867 2075 1068 2120 militum
1085 2078 1373 2120 Francorum
1389 2072 1589 2119 ducibus
1606 2088 1723 2117 non-

313 2155 469 2200 nullos
493 2155 744 2200 abduxisse
761 2153 974 2215 captivos
989 2152 1018 2195 ⁶².

366 2347 401 2381 1.
436 2346 609 2380 Elmvtsis
624 2347 767 2387 civitas,
788 2342 823 2377 la
843 2340 934 2377 ville
961 2339 1176 2389 episcopale
1197 2338 1345 2385 ‹l’Elne,
1369 2337 1611 2385 aujourd'hui
1631 2337 1723 2374 dans

311 2408 345 2442 le
366 2403 627 2453 departement
653 2400 717 2436 des
740 2398 1183 2448 Pyrent'fes-Orientales3
1207 2401 1494 2446 Ληψιινίῑαηαηι
1509 2425 1518 2442 ,
1548 2395 1582 2432 le
1601 2395 1722 2431 comte

313 2461 556 2512 d'Ampurias
577 2474 626 2497 ou
650 2459 920 2508 Lampourdan
934 2487 942 2503 ,
962 2458 1055 2494 dans
1077 2458 1111 2494 la
1133 2458 1352 2508 Catalogne.

367 2524 403 2559 9..
433 2524 486 2558 Le
521 2519 698 2570 seigneur
728 2517 778 2553 du
809 2519 887 2553 Lau
916 2517 1146 2563 lui-meme,
1177 2515 1270 2552 dans
1305 2529 1379 2552 une
1412 2515 1527 2552 sortie
1561 2513 1652 2563 qu’il
1684 2512 1724 2549 fit

314 2584 400 2619 hors
429 2580 479 2617 du
500 2579 672 2621 eliatcau,
696 2591 734 2613 se
760 2576 869 2613 laissa
892 2576 1055 2626 prendre
1085 2589 1153 2624 par
1180 2588 1254 2612 une
1282 2575 1507 2625 compagnie
1533 2573 1579 2610 de
1605 2571 1723 2622 parti-

313 2655 397 2679 sans
415 2640 479 2690 qui
501 2639 619 2675 s‘etait
640 2637 783 2674 formee
804 2648 890 2672 sous
910 2635 943 2671 le
965 2648 1052 2671 nom
1075 2634 1121 2671 de
1140 2635 1307 2680 Lacaylzz·
1333 2634 1527 2683 glaquais).
1551 2631 1721 2668 Relation

313 2701 438 2736 d'Ant.
465 2702 615 2742 Passot,
641 2697 664 2732 l.
690 2709 721 2731 c.
