1923 3020
325 205 397 240 354
684 201 877 238 HISTORI
885 201 1021 235 ARUM
1050 200 1285 235 LUDOVICI
1314 202 1369 235 XI

325 290 411 336 diae
428 290 526 351 jam
551 287 792 333 machinas
816 295 860 331 et
884 285 1052 331 bellica
1071 285 1401 344 instrumenta,
1425 301 1527 347 quae
1546 286 1605 331 ad
1626 305 1724 333 mu-

322 369 483 412 nimen
523 380 720 410 suorum
755 373 1021 409 castrorum
1049 362 1307 421 habuerat,
1348 363 1408 408 ad
1439 373 1583 408 terras
1620 380 1726 410 suas

322 459 428 488 curn
464 439 751 504 supellectile
797 455 880 485 sua
912 438 1215 485 devehendas
1253 450 1544 503 reposuerat.
1588 441 1724 487 Simi-

319 519 424 564 liter
445 518 587 563 etiam
612 517 955 579 negotiatores,
993 517 1099 578 qui,
1137 516 1495 579 suppeditandae
1524 533 1727 563 annonae

317 604 686 656 caeterarumque
725 609 884 640 rerum
925 593 1147 638 exercitui
1185 592 1318 638 ducis
1357 594 1727 639 necessariarum

317 671 488 732 gratia,
520 680 670 716 castra
702 670 850 715 secuti
886 669 1099 728 fuerant,
1128 670 1175 714 in
1207 669 1384 715 eisdem
1416 670 1614 715 navibus
1644 686 1728 716 sua

315 746 630 793 condiderant
661 746 805 792 bona.
840 749 897 791 Et
925 762 1035 792 cum
1060 746 1249 791 easdem
1274 745 1332 791 de
1356 747 1582 810 praesidiis
1606 747 1726 792 mili-

316 824 496 870 taribus
526 824 728 869 nudatas
759 824 1047 870 invenissent
1071 824 1322 883 Germani,
1347 840 1404 869 eo
1436 824 1568 887 quod
1592 834 1727 887 pacta

313 902 437 947 inter
459 902 695 966 principes
718 900 937 948 absoluta
956 906 1111 961 erant,
1139 911 1184 946 et
1210 901 1337 947 nulla
1366 902 1463 963 jam
1491 902 1550 947 de
1577 912 1725 949 certa-

317 978 445 1024 mine
486 978 560 1024 vel
602 979 936 1041 congressione
978 978 1184 1041 suspicio
1229 977 1510 1037 ducebatur,
1562 978 1722 1039 facile,

315 1056 449 1102 nullo
482 1057 751 1115 resistente,
779 1065 1029 1118 ceperunt,
1067 1071 1239 1116 easque
1270 1064 1497 1117 tanquam
1522 1056 1727 1118 praedam

313 1149 450 1179 suam
475 1132 724 1179 Coloniam
751 1132 1076 1190 abduxerunt,
1114 1147 1158 1175 xi
1194 1146 1395 1176 numero
1429 1130 1501 1176 vel
1535 1149 1641 1191 xv1,
1677 1143 1728 1178 ut

313 1209 392 1256 alii
416 1209 704 1255 asserebant.

380 1285 487 1339 Quo
515 1283 656 1341 sacto,
689 1282 892 1343 graviter
918 1281 976 1327 de
1000 1280 1113 1326 dolo
1140 1290 1184 1326 et
1209 1280 1408 1345 perfidia
1439 1281 1729 1343 Burgundio-

314 1376 428 1405 num
454 1359 550 1405 dux
573 1358 700 1422 apud
727 1359 1064 1420 imperatorem
1090 1367 1136 1402 et
1161 1373 1271 1403 suos
1294 1357 1529 1420 principes
1558 1374 1728 1420 quere—

315 1435 477 1493 batur,
509 1435 854 1493 comminatus,
881 1434 971 1479 nisi
996 1433 1084 1479 sibi
1112 1435 1267 1479 statim
1299 1434 1530 1479 restitutio
1562 1434 1723 1496 fieret,

315 1529 364 1557 se
396 1528 601 1573 suosque
633 1511 794 1556 denuo
830 1511 891 1556 ad
923 1527 1054 1556 arma
1087 1511 1319 1574 prosilire.
1350 1513 1466 1566 Quae
1500 1527 1608 1556 cum
1644 1529 1728 1575 per

316 1590 415 1635 dies
438 1589 619 1652 aliquot
645 1588 846 1652 querelae
870 1588 1279 1652 protraherentur,
1305 1588 1726 1635 intercurrentibus

317 1667 440 1712 ultro
475 1668 690 1729 citroque
713 1666 891 1711 nuntiis
917 1676 962 1711 et
994 1665 1176 1729 legatis,
1204 1665 1397 1729 pra¹sato
1431 1666 1573 1711 etiam
1610 1683 1725 1730 apo-

314 1744 488 1791 stolicce
519 1744 640 1789 sedis
663 1743 842 1805 legatO,
867 1753 912 1789 et
933 1744 1121 1789 labores
1146 1743 1376 1806 plurimos
1402 1754 1722 1804 assumerent,

316 1822 375 1868 ad
399 1821 697 1868 resarcienda
713 1822 827 1867 inita
845 1831 890 1866 et
911 1821 1191 1867 confirmata
1212 1830 1366 1885 pacta,
1391 1838 1494 1884 quae
1520 1831 1726 1885 rupturae

315 1909 360 1944 et
384 1900 574 1945 recidivi
600 1899 709 1944 belli
732 1898 943 1962 periculo
967 1898 1209 1961 subjacere
1235 1898 1535 1958 videbantur,
1556 1899 1726 1945 auditis

316 1976 673 2039 allegationibus
696 1976 926 2039 justisque
952 1976 1173 2037 querelis,
1201 1993 1304 2038 quae
1324 1993 1412 2039 pro
1437 1985 1568 2039 parte
1593 1976 1725 2021 ducis

316 2052 493 2099 fiebant
523 2054 642 2115 (cui,
676 2053 713 2098 si
743 2053 901 2115 aliqua
932 2054 1031 2098 rixa
1064 2054 1185 2098 inter
1210 2053 1392 2115 aliquos
1424 2052 1725 2115 particulares

315 2132 546 2176 concitata
571 2131 720 2177 fuerat
742 2140 909 2194 praeter
935 2130 1034 2192 ejus
1058 2129 1354 2176 voluntatem
1381 2140 1426 2175 et
1452 2146 1719 2189 assensum,

314 2206 362 2251 id
391 2207 715 2269 praijudicium
743 2207 908 2252 afferre
944 2224 1042 2252 non
1072 2206 1303 2265 debebat,
1342 2207 1585 2270 potissime
1613 2224 1723 2252 cum

314 2283 454 2328 etiam
479 2282 538 2328 ab
561 2283 837 2329 adversariis
855 2293 1008 2329 ortam
1030 2283 1250 2328 habuisse
1276 2283 1495 2345 iujuriam
1518 2282 1723 2329 affirma—

313 2361 497 2422 retur),
535 2361 808 2422 imperator,
845 2361 1065 2424 princeps
1100 2361 1541 2406 observantissinms
1570 2360 1718 2422 aequi,

313 2437 522 2483 decrevit
569 2436 669 2481 fieri
709 2438 1055 2483 restitutionem
1090 2437 1382 2497 ablatorum,
1427 2437 1721 2483 assentienti-

315 2514 403 2560 bus
428 2514 514 2559 sibi
546 2514 594 2558 in
625 2512 719 2558 hoc
738 2514 865 2557 Sacri
892 2515 1079 2577 Imperii
1104 2514 1386 2560 electoribus
1421 2514 1717 2575 caeterisque,

313 2593 395 2654 qui
427 2601 540 2637 tunc
581 2590 797 2649 aderant,
839 2591 1132 2654 principibus
1169 2593 1447 2638 Germaniae.
1490 2590 1720 2638 Nolebant

311 2670 462 2727 enirn,
501 2684 588 2731 pro
614 2683 920 2730 quocumque
944 2668 1193 2730 temporali
1224 2669 1401 2714 damno
1428 2668 1496 2712 vel
1534 2668 1716 2712 incom-
