1923 3020
663 259 804 294 LIBER
843 258 1068 304 QUINTUS.
1490 263 1562 293 :383

170 344 277 389 satis
297 344 676 390 irrationabiliter
708 344 996 407 praestiterat.
1038 345 1153 391 Nam
1182 353 1374 407 perante
1410 343 1564 390 afficta

170 418 391 479 quadam,
421 434 586 481 parum
610 429 688 465 aut
705 419 819 464 nihil
840 420 1022 464 ratione
1045 429 1090 464 et
1109 419 1284 481 justitia
1306 419 1433 478 fulta,
1455 436 1564 481 que-

170 494 281 551 rela,
301 493 534 556 quosdam
558 511 722 539 currus
746 494 977 540 mercibus
1002 505 1214 551 onustos,
1242 512 1343 556 quae
1362 495 1565 541 nonnul-

169 569 222 615 lis
242 569 577 615 mercatoribus
596 571 877 616 Alemanniae
900 571 1212 633 pertinebant,
1233 572 1351 618 infra
1377 589 1564 619 eorum-

168 645 274 690 dem
307 646 592 691 Suitensium
622 656 766 691 terras
799 662 852 690 ac
886 647 1055 690 limites
1088 648 1302 708 nequiter
1338 650 1565 695 invaserat

168 730 306 782 atque
328 725 582 784 rapue1·at¹.
605 725 693 767 Pro
718 738 808 782 qna
833 722 997 784 rapina
1013 731 1056 767 et
1077 722 1260 783 injuria,
1287 735 1335 769 ut
1360 725 1563 771 debitam

167 796 527 842 satisfactionem
574 797 774 851 faceret,
831 796 890 841 ab
932 797 1042 859 ipsis
1084 799 1375 844 Suitensibns
1417 802 1565 847 suerat

165 871 413 933 requisitus
435 882 479 917 et
496 881 780 926 summatus;
803 870 884 915 sed
903 882 1173 933 arroganter
1188 883 1232 918 et
1250 875 1448 937 superbe
1472 876 1564 922 hoc

166 946 314 992 facere
340 957 590 992 recusarat.
625 950 820 1010 Propter
839 946 968 1007 quod
991 947 1078 1010 ipsi
1098 949 1334 995 Suitenses
1351 963 1560 1014 perante,

165 1031 215 1066 ut
237 1021 455 1082 diximus,
483 1032 655 1068 terram
692 1021 836 1085 ipsius
871 1021 1139 1068 invaserant
1177 1033 1222 1069 et
1260 1027 1558 1088 popularant.

228 1098 397 1145 Sedem
421 1099 559 1160 igitur
582 1097 806 1144 movendi
830 1098 877 1142 in
901 1099 1139 1144 Suitenses
1165 1099 1292 1156 belli,
1318 1102 1414 1147 dux
1448 1107 1564 1150 Lau-

163 1177 384 1221 sannam²
417 1175 582 1237 elegit,
618 1185 662 1221 et
686 1191 783 1220 non
807 1174 973 1237 procul
998 1174 1056 1220 ab
1076 1175 1176 1238 ipsa
1206 1177 1390 1224 civitate
1414 1190 1563 1226 castra

163 1250 359 1311 locavit,
402 1251 489 1297 sub
524 1252 712 1297 initium
743 1251 882 1296 veris.
924 1254 973 1295 In
1009 1251 1181 1313 quibus
1214 1269 1321 1298 cum
1360 1255 1562 1302 multum

163 1327 466 1372 collectitium
492 1327 685 1373 militem
710 1336 1016 1390 aggregasset,
1045 1328 1286 1390 multaque
1311 1348 1450 1393 super
1469 1333 1562 1377 dis-

163 1404 395 1466 ponendis
435 1404 622 1450 aciebus
657 1413 702 1450 et
737 1405 904 1450 ordine
945 1404 1243 1451 observando
1282 1407 1560 1454 decrevisset

162 1489 300 1542 atque
333 1482 581 1539 statuisset,
611 1480 802 1527 tandem
835 1482 959 1526 circa
993 1481 1136 1526 finem
1175 1484 1346 1528 niensis
1386 1486 1563 1530 martii³

162 1557 308 1601 movit
327 1572 383 1602 eo
416 1557 540 1615 loco,
568 1567 613 1602 et
647 1557 841 1602 hostiles
881 1567 1027 1602 terras
1061 1559 1234 1604 intrare
1264 1569 1307 1604 et
1340 1560 1561 1607 invadere

161 1634 418 1680 constituit.

225 1713 341 1756 Cum
387 1721 544 1756 autem
583 1727 680 1756 non
723 1711 955 1756 nescirent
1002 1712 1090 1774 ipsi
1133 1713 1368 1759 Suitenses
1410 1715 1469 1759 ad
1513 1733 1561 1760 se

162 1802 421 1849 eorumque
454 1797 598 1832 terras
643 1787 871 1845 animum,
916 1786 1108 1850 [quem]
1145 1799 1406 1852 spectatum
1453 1793 1561 1837 satis

162 1873 261 1907 tum
284 1873 329 1908 et
351 1864 593 1924 cognitum
617 1862 872 1922 habebant,
902 1863 988 1910 sibi
1026 1864 1073 1908 in
1108 1864 1333 1911 limitibus
1363 1867 1478 1923 suis,
1507 1884 1560 1913 ea

162 1949 307 2002 parte,
335 1955 428 2001 qua
449 1956 556 1984 cum
588 1949 833 2002 penetrare
866 1940 983 1985 velle
1006 1951 1309 2002 agnoverant,
1340 1942 1560 1988 audacter

161 2025 204 2060 et
222 2025 490 2061 constanter
506 2015 695 2061 obviam
717 2027 968 2073 venerunt,
993 2026 1037 2062 et
1057 2033 1166 2062 cum
1184 2028 1377 2064 onustos
1397 2036 1560 2066 currus

162 2092 220 2137 ad
244 2109 524 2149 numerum,
567 2109 708 2154 quem
739 2092 958 2137 nonnulli
986 2093 1367 2155 octingentorum
1391 2106 1437 2141 et
1459 2112 1559 2141 am·-

162 2168 281 2230 plius
304 2186 403 2215 esse
423 2168 631 2214 ferebant
671 2168 859 2230 (quibus
892 2168 1118 2214 niachinae
1140 2179 1186 2215 et
1210 2181 1460 2234 apparatus
1491 2183 1559 2218 to-

215 2292 250 2326 l.
282 2290 438 2326 Version
473 2290 667 2326 conforme
697 2291 717 2324 ii
745 2289 839 2326 celle
867 2289 914 2326 de
945 2291 1158 2328 Commines
1190 2308 1197 2328 ι
1237 2309 1254 2326 α
1284 2296 1327 2329 Et
1357 2308 1557 2347 pourquoy

161 2360 400 2384 commencea
422 2356 521 2384 ceste
542 2348 701 2396 guerre?
720 2348 770 2383 Ce
799 2348 852 2384 sut
873 2361 970 2397 pour
995 2361 1072 2398 ung
1089 2350 1255 2387 chari-iot
1279 2351 1324 2388 de
1354 2353 1492 2402 peaulx
1511 2354 1558 2391 de

161 2413 334 2441 montons
354 2418 427 2454 que
450 2408 532 2454 Mgr
556 2405 602 2441 de
626 2407 790 2441 Romont
821 2406 922 2455 print
954 2407 972 2441 ἐι
1003 2419 1079 2457 ung
1111 2408 1236 2446 Suisse
1260 2420 1411 2459 passant
1431 2425 1498 2461 par
1519 2425 1558 2449 sa

160 2475 274 2502 terre.
304 2482 320 2498 »
341 2468 553 2512 slle'moires,
574 2466 596 2501 l.
622 2469 666 2511 V,
689 2479 721 2501 c.
744 2480 769 2503 1.

213 2527 250 2561 2.
281 2526 378 2561 C'est
397 2523 497 2560 Orbe
516 2524 606 2572 qu'il
632 2523 748 2560 fallait
769 2522 848 2560 dire
872 2536 919 2560 au
944 2524 1018 2562 lieu
1038 2526 1084 2562 de
1107 2529 1319 2566 Lausanne.

213 2586 248 2619 3.
281 2584 333 2618 Le
354 2582 426 2618 duc
445 2582 491 2619 de
512 2585 737 2633 Bourgogne
764 2582 876 2631 partit
899 2582 1037 2620 &Orbe
1063 2598 1160 2634 pour
1186 2588 1359 2623 Granson
1378 2588 1413 2624 le
1435 2590 1482 2625 19
1503 2588 1556 2625 fc'-

160 2642 262 2678 vrier
286 2650 321 2678 et
348 2641 370 2677 il
399 2649 496 2678 resta
520 2643 539 2677 a
563 2643 735 2678 Granson
763 2641 940 2689 jusqu⁷au
963 2643 1051 2689 jour
1081 2643 1128 2680 de
1150 2644 1183 2680 la
1209 2645 1380 2693 bataille,
1411 2647 1475 2696 qui
1496 2656 1558 2684 eut

161 2701 234 2737 lieu
260 2700 292 2735 le
318 2704 338 2735 3
360 2713 458 2736 mars
483 2702 597 2736 «¹476.
