1923 3020
300 232 372 266 222
661 225 999 262 flis‘roRIARUM
1029 225 1261 260 LUDOVICI
1289 226 1345 260 XI

300 336 383 381 gus
407 316 520 362 illud
540 313 774 377 pertidum
795 322 839 357 et
862 311 1110 375 procellosi
1134 311 1273 356 maris
1291 311 1510 357 fluctibus
1528 314 1699 362 mobile

302 394 472 455 inagis,
513 407 711 452 regnum
748 388 954 434 Edoardi
989 404 1159 450 quem,
1187 388 1391 433 Henrico
1416 388 1619 450 dejecto,
1652 391 1699 436 in

302 486 453 532 regent
478 468 773 521 sublimarat,
795 467 889 529 jain
911 465 1196 524 i'astidiebat3
1219 465 1338 512 etad
1359 467 1700 514 restituendum

299 547 573 604 Ileurieuni,
613 561 756 607 quem
791 554 887 589 tam
923 544 1138 606 nequiter
1165 553 1209 588 et
1234 543 1455 605 injuriose
1479 544 1700 590 deturba·

299 634 404 669 rant
428 640 572 685 regno
596 632 639 667 et
659 621 955 684 expulerant,
981 620 1293 684 plurimorum
1312 622 1582 674 affectiones
1604 622 1702 667 vol-

301 700 530 746 vebantur
553 718 561 745 :
590 700 653 744 ita
675 698 1025 760 quod‚junctis
1049 698 1092 742 in
1120 715 1268 742 unum
1295 699 1533 760 utriusque
1559 698 1702 762 partis

298 777 587 822 amatoribus
614 787 658 821 et
685 776 928 833 studiosis,
957 775 1144 820 Hem-ici
1169 775 1339 820 scilicet
1366 778 1483 837 regis
1504 785 1547 821 et
1571 779 1701 821 War-

300 853 411 911 vici,
445 852 649 898 Edoardi
683 861 835 915 partes
863 852 908 895 in
932 851 1173 896 communi
1202 851 1341 911 vulgo
1366 852 1538 913 Angliae
1562 852 1700 914 longe

299 929 542 975 inferiores
566 928 731 993 procul
756 929 904 974 dubio
932 929 1256 974 remanebant.

367 1009 424 1050 Ut
449 1006 586 1067 igitur
610 1005 668 1051 ad
693 1005 737 1049 id
758 1006 910 1068 ipsunt
931 1021 1127 1065 magnus
1148 1005 1221 1049 ille
1243 1004 1522 1067 proditionis
1540 1006 1701 1051 artifex

302 1082 525 1127 Warm‘clc
553 1084 796 1145 perxenire
821 1082 992 1127 valeret
1010 1119 1020 1139 ⁷
1049 1082 1190 1126 suasit
1216 1084 1505 1126 Francorum
1531 1083 1627 1144 regi
1653 1093 1701 1128 ut

299 1175 398 1204 sese
429 1159 730 1222 interponere
758 1158 892 1202 vellet
925 1157 1290 1219 mediatorisque
1319 1166 1471 1220 partes
1496 1174 1702 1204 assume-

300 1244 370 1280 ret
399 1235 459 1279 ad
486 1236 711 1280 amicitias
746 1233 1118 1279 reconciliandas
1145 1235 1264 1278 inter
1287 1235 1497 1295 reginam
1527 1237 1697 1296 Marga-

300 1322 473 1369 retain,
503 1313 690 1357 llenrici
717 1313 833 1373 regis
858 1328 1056 1356 uxorem
1073 1349 1082 1367 ,
1107 1311 1496 1374 Edsmrdumque,
1519 1328 1702 1357 coruin-

299 1391 408 1436 dem
435 1391 621 1435 llcnrici
647 1400 689 1434 et
714 1393 980 1450 Margaretse
1005 1388 1176 1444 lilium,
1199 1389 1295 1450 jani
1316 1389 1562 1451 puberem,
1590 1399 1631 1435 et
1653 1405 1701 1435 se

300 1469 452 1531 ipsunt
482 1486 491 1512 :
522 1467 798 1530 promittens
827 1466 980 1511 cidem
1016 1468 1309 1526 Margaretae,
1338 1467 1375 1511 si
1399 1483 1563 1511 omnes
1590 1482 1701 1529 prae·

300 1548 456 1591 toritas
491 1546 683 1607 injurias
718 1545 931 1589 oblivisci
969 1554 1014 1589 ct
1052 1544 1326 1589 condonare
1361 1544 1524 1601 vellet,
1564 1554 1701 1606 atque

300 1624 485 1686 penitus
523 1622 762 1667 exanimo
797 1620 1013 1679 abolere⁷
1055 1621 1286 1666 facturum
1321 1638 1368 1666 sc
1397 1638 1506 1665 cum
1531 1620 1701 1665 auxilio

300 1700 418 1761 regis
450 1703 740 1745 Francorum
772 1708 819 1743 ut
844 1699 890 1743 in
919 1698 1048 1744 brevi
1075 1699 1302 1744 Henrieus
1333 1715 1436 1756 rex,
1463 1700 1534 1743 vir
1568 1714 1698 1755 suus,

298 1793 323 1821 e
344 1775 558 1821 custodia
580 1785 623 1821 et
647 1792 832 1820 earcere
855 1775 1175 1820 restitueretur
1200 1776 1245 1819 in
1274 1792 1490 1836 regnum,
1513 1784 1558 1819 et
1579 1774 1700 1819 libe-

300 1855 394 1898 rius
439 1870 582 1915 quam
623 1869 832 1915 unquam
882 1868 1027 1912 regno
1071 1869 1154 1897 suo
1196 1852 1403 1915 plenarie
1450 1851 1695 1914 potiretur.

299 1931 389 1992 lpsi
428 1940 584 1975 autem
619 1933 907 1975 Francorum
942 1929 1064 1989 regi,
1099 1930 1177 1990 qui
1202 1945 1298 1973 non
1327 1928 1493 1991 impari
1515 1927 1626 1972 odio
1647 1942 1702 1972 ac

301 2007 397 2068 ipse
431 2008 624 2052 effectus
657 2007 777 2051 soret
808 2006 866 2050 ad
905 2005 1274 2069 opprimendum
1312 2004 1700 2067 Burgundionum

301 2082 469 2128 ducem
515 2083 699 2146 sibique
738 2083 1052 2140 adhaerentes,
1101 2082 1413 2146 pollicebatur
1455 2082 1514 2127 de
1559 2082 1702 2126 totius

302 2161 442 2219 regis¹
468 2161 638 2221 Angliae
662 2161 870 2224 potentia
895 2170 939 2205 et
961 2161 1136 2206 viribus
1161 2161 1332 2206 auxilio
1357 2160 1613 2206 affuturum
1642 2158 1701 2204 ad

302 2236 555 2282 delendum
593 2255 782 2300 prorsus
813 2248 856 2283 et
892 2238 1285 2299 exstinguendum
1311 2239 1463 2300 ipsum
1493 2240 1701 2298 Burgun-

302 2312 499 2358 dionum
522 2313 713 2372 duceni,
741 2314 950 2376 aliosque
976 2332 1096 2378 quos
1118 2332 1284 2361 exosos
1307 2314 1519 2361 haberet.

362 2476 392 2510 l.
429 2473 604 2523 Corrigez
627 2487 740 2521 rvgm.
