1923 3020
684 261 828 295 LIBER
856 260 1122 297 SECUNDL'S.
1533 262 1608 297 205

207 345 323 409 cipis
347 346 474 407 gravi
493 345 733 392 sanctione
763 347 987 409 excepti53
1016 347 1096 409 qui
1135 363 1325 409 prorsus
1347 346 1609 409 quidquam

208 422 267 468 de
290 422 399 486 ipsis
424 422 538 481 tolli,
566 422 766 469 ullamve
790 424 1008 484 injuriam
1033 434 1111 469 aut
1137 424 1407 470 violentiam
1433 423 1610 469 eisdem

208 498 391 556 inferri,
420 498 482 543 ob
508 501 593 544 Dei
623 501 932 546 reverentiam
956 510 1001 545 et
1027 510 1322 558 sanctorum,
1355 501 1610 546 arctissime

209 574 425 620 inhibuit.
447 574 538 620 Sed
559 593 616 621 eo
638 593 734 621 non
756 575 988 635 obstante,
1010 577 1057 621 in
1079 586 1173 622 tam
1191 594 1444 623 numerosa
1463 593 1611 623 arma-

210 659 366 695 torum
390 650 715 712 multitudine,
746 670 847 715 quae
870 670 917 698 se
943 653 1158 715 protinus
1181 670 1265 716 per
1289 670 1454 699 omnes
1482 653 1612 700 urbis

209 725 384 789 plateas
409 736 547 789 atque
580 728 774 775 {edificia
803 739 896 774 tam
921 745 1051 774 sacra
1086 745 1229 791 quain
1261 729 1458 792 profana
1496 730 1611 776 effu-

209 801 304 858 dit,
331 803 513 849 cunctis
543 803 604 849 ad
636 804 815 867 praedas
843 814 888 850 et
918 805 1067 868 spolia
1090 805 1401 863 inhiantibus,
1431 807 1612 870 princi-

209 878 396 942 palibus
429 880 592 927 edictis
621 882 797 944 integre
828 881 947 928 adeo
976 881 1128 944 pareri
1154 897 1251 926 non
1282 883 1460 945 potuit,
1497 884 1611 945 quin

209 957 357 1003 multa
389 959 593 1022 pretiosa
621 959 827 1021 supellex
851 960 951 1004 auri
987 968 1031 1004 et
1056 959 1258 1021 argenti,
1286 959 1456 1021 quibus
1481 976 1614 1006 sanc-

209 1043 369 1079 torum
389 1050 520 1081 sacra
545 1035 741 1099 pignora
761 1045 805 1081 et
824 1036 1061 1081 memoriae
1084 1035 1361 1097 tegebantur
1382 1046 1522 1100 atque
1545 1039 1615 1083 in-

211 1111 545 1171 volvebantur,
575 1112 683 1158 libri
710 1114 849 1158 etiam
874 1123 917 1158 et
948 1113 1113 1158 calices
1141 1113 1331 1176 plurimi
1357 1123 1614 1178 caeteraque

211 1187 354 1247 bona,
379 1189 425 1234 in
450 1188 685 1252 plerisque
710 1190 849 1236 sacris
868 1189 1061 1248 aedibus,
1089 1199 1364 1253 raperentur
1387 1200 1430 1236 et
1450 1208 1616 1255 expor-

213 1274 438 1311 tarentur.
469 1269 505 1311 E
530 1266 701 1329 quibus
727 1283 753 1312 a
785 1266 1047 1320 nonnullis,
1080 1265 1154 1312 vel
1184 1267 1264 1329 qui
1293 1265 1421 1312 bona
1449 1266 1615 1330 hujus-

211 1342 340 1388 modi
372 1353 644 1407 rapuerant,
683 1343 755 1389 vel
788 1360 812 1389 a
847 1342 1137 1407 rapientibus
1170 1359 1224 1389 ea
1257 1355 1469 1390 emerant
1502 1345 1614 1408 (sub

211 1420 432 1482 gravibus
472 1421 737 1484 apostolicae
775 1421 896 1467 sedis
929 1421 1137 1467 censuris
1179 1422 1502 1480 commonitis,
1542 1422 1615 1468 vel

212 1497 439 1560 principis
471 1497 704 1543 mandatis
733 1497 1014 1560 compulsis)
1044 1497 1260 1560 quaedam
1290 1507 1451 1561 postea
1482 1500 1615 1545 resti-

213 1583 311 1620 tuta
362 1573 580 1634 fuerunt3
626 1574 850 1638 pauciora
903 1584 1059 1621 tamen
1104 1574 1244 1637 longe
1292 1591 1435 1637 quam
1481 1586 1616 1640 capta

212 1650 421 1696 fuissent.

276 1730 396 1773 Cum
412 1738 569 1774 autem
589 1744 672 1791 per
688 1727 785 1773 dies
806 1728 985 1791 aliquot
998 1745 1079 1774 rex
1095 1746 1205 1775 cum
1223 1729 1616 1791 Burgundionum

212 1803 348 1863 duce,
374 1821 550 1868 paucos
574 1815 752 1863 tamen,
780 1805 871 1850 illic
891 1806 1125 1864 stetisset¹,
1161 1806 1316 1852 eidem
1339 1804 1617 1851 valefaciens

212 1896 321 1925 cum
344 1881 454 1939 suis,
483 1882 564 1944 qui
583 1883 722 1927 etiam
740 1881 798 1927 de
816 1881 975 1946 spoliis
994 1882 1122 1928 urbis
1140 1883 1370 1929 nonnulla
1391 1882 1614 1942 tulerunt,

212 1958 258 2003 in
288 1959 530 2004 Franciam
557 1976 667 2004 cum
694 1958 774 2004 tali
801 1959 1041 2022 triumpho
1070 1959 1293 2005 remeavit
1318 1977 1326 2003 ε
1356 1959 1525 2005 multas
1549 1969 1617 2004 ta·

214 2051 322 2080 men
353 2034 469 2093 illic,
504 2045 610 2081 ante
640 2037 1038 2099 expugnationem
1071 2035 1222 2093 urbis,
1256 2035 1564 2081 contumelias
1592 2051 1618 2081 a

213 2111 395 2158 civibus
430 2129 608 2176 passus.
649 2113 740 2169 Qui
775 2130 884 2159 cum
919 2113 999 2158 illo
1036 2130 1144 2158 eum
1181 2113 1360 2158 venisse
1396 2112 1456 2159 ad
1492 2113 1618 2176 ipsos

213 2191 595 2237 exterminandos
639 2192 861 2236 certiores
907 2191 1011 2236 facti
1054 2190 1244 2236 fuissent
1289 2190 1443 2252 (quod
1487 2190 1618 2236 nullo

215 2278 368 2331 pacto,
389 2269 540 2327 initio,
561 2285 669 2313 cum
691 2268 736 2313 id
751 2270 816 2313 eis
833 2277 1132 2326 assereretur,
1153 2267 1343 2312 credere
1361 2267 1615 2331 poterant),

215 2345 260 2389 in
300 2362 408 2391 eum
448 2346 588 2391 miras
624 2344 1008 2408 exprobrationes
1042 2343 1270 2408 perfidiae,
1309 2344 1615 2408 proditionis,

215 2422 407 2485 perjurii
450 2432 589 2484 atque
628 2421 830 2467 infamiae
877 2438 901 2467 e
945 2421 1180 2467 moenibus
1215 2421 1539 2467 acclamabant
1575 2430 1620 2467 et

209 2497 494 2558 jaculabant.
538 2498 791 2544 Ferebatur
828 2507 984 2544 autem
1023 2513 1050 2543 a
1092 2497 1250 2544 multis
1292 2497 1423 2560 quod
1464 2497 1620 2561 plures

216 2575 360 2637 ipsius
384 2575 580 2634 litteras,
609 2592 751 2621 manu
772 2590 855 2621 sua
877 2575 1078 2637 signatas
1103 2584 1149 2621 et
1171 2575 1266 2620 suis
1288 2574 1448 2636 sigillis
1473 2572 1618 2620 robo-

269 2746 305 2780 1.
338 2746 521 2794 Jusqu'au
541 2746 563 2780 2
582 2742 805 2782 novembre.
