1923 3020
335 187 408 222 322
691 182 1034 219 HISTORIARUM
1063 182 1298 218 LUDOVICI
1326 183 1382 217 XI

332 275 539 319 eminere
562 270 817 316 videretur.
842 271 961 315 Cum
987 269 1270 331 imperatore
1296 279 1392 314 tum
1418 270 1557 314 etiam
1581 271 1740 317 adfue-

330 360 441 396 runt
477 349 523 392 in
559 344 811 408 magnifico
837 355 882 391 et
906 345 1177 391 honorabili
1211 355 1333 391 statu
1357 345 1512 409 plures
1549 347 1741 393 Germa-

329 428 415 471 nice
440 425 677 489 principes
693 461 703 481 ,
732 434 828 470 tam
854 423 1079 469 electores
1104 423 1230 468 Sacri
1263 423 1444 486 Imperii
1475 439 1617 486 quam
1642 423 1736 482 alii,

327 519 447 565 quos
468 503 725 565 imperator
751 501 808 547 ad
835 517 882 546 se
906 500 1185 546 sociandum
1209 500 1499 546 accersierat.

393 584 498 625 Erat
536 580 794 643 imperator
825 579 1089 642 hospitatus
1117 579 1164 623 in
1198 579 1371 642 palatio
1401 578 1742 642 archiepiscopi

324 657 636 716 Treverensis⁷
677 656 773 701 dux
798 672 910 701 vero
939 655 1220 718 Burgundiae
1244 665 1372 701 extra
1395 672 1557 701 muros
1581 656 1741 701 civita-

328 737 409 792 tis,
435 736 483 780 in
509 734 801 780 monasterio
826 733 1270 791 Sancti-Maximini,
1301 733 1433 795 cujus
1465 742 1742 796 procurator

325 822 368 858 et
394 821 636 876 protector
659 827 757 857 esse
783 810 945 869 fertur7
976 810 1033 856 ad
1062 826 1250 857 causam
1272 820 1403 856 terrae
1426 827 1518 856 suae
1542 813 1741 857 Luxem-

326 889 588 952 burgensis.

394 967 539 1028 Igitur
562 981 670 1011 cum
696 965 877 1027 aliquot
906 964 1231 1010 detrivissent¹
1264 965 1309 1009 in
1342 981 1393 1010 ea
1425 966 1611 1011 civitate
1644 965 1743 1012 dies

327 1059 427 1089 sese
454 1043 657 1088 vicissim
687 1041 940 1099 visitando,
968 1051 1017 1086 ut
1048 1042 1124 1103 jus
1155 1058 1208 1087 ac
1240 1042 1400 1087 titulus
1423 1042 1555 1088 ducis
1592 1044 1636 1088 in
1662 1043 1742 1089 illo

328 1121 503 1166 ducatu
529 1119 756 1177 Geldriae,
777 1135 919 1181 quem
940 1134 1108 1180 nuper,
1136 1128 1186 1162 ut
1211 1117 1438 1176 diximus,
1471 1121 1612 1164 armis
1635 1137 1745 1165 con-

329 1198 550 1261 quisierat
572 1231 584 1253 ,
632 1196 779 1257 magis
827 1211 881 1240 ac
928 1195 1075 1255 magis
1116 1194 1203 1239 sibi
1253 1195 1557 1241 invalesceret
1605 1208 1745 1259 atque

330 1274 632 1331 validaretur7
664 1272 814 1317 voluit
839 1270 971 1316 illum
997 1271 1056 1316 al)
1087 1272 1397 1335 imperatore,
1426 1282 1652 1336 tanquam
1676 1291 1746 1319 su-

331 1366 496 1414 premo
542 1347 666 1394 feodi
705 1347 930 1404 domino,
980 1347 1212 1410 recipere,
1254 1357 1395 1410 atque
1437 1348 1639 1395 hominii
1678 1367 1746 1396 sa·

332 1433 573 1471 eramento
618 1440 705 1488 pro
755 1440 812 1469 eo
861 1424 1066 1488 praestito
1089 1461 1100 1483 ,
1152 1424 1210 1469 de
1257 1424 1426 1470 eodem
1475 1426 1748 1472 solemniter

335 1502 559 1547 investiri.
587 1504 688 1546 Hoc
713 1501 906 1563 quidem
932 1501 1300 1564 praedecessores
1323 1501 1489 1565 aliqui,
1518 1504 1598 1565 qui
1619 1520 1749 1549 eum-

333 1580 442 1625 dem
493 1580 721 1625 ducatum
774 1579 1186 1639 administrarant,
1243 1579 1392 1625 facere
1450 1590 1748 1644 contempse-

334 1668 440 1704 rant
477 1659 549 1704 vel
589 1657 902 1719 negligentius
940 1658 1352 1720 praetermiserant.
1388 1661 1587 1721 Propter
1618 1659 1746 1719 quod

335 1737 421 1799 ipsi
453 1739 662 1797 Augusto
692 1751 746 1780 ea
773 1734 906 1780 ducis
943 1733 1215 1781 obedientia
1258 1736 1433 1798 gratior
1469 1735 1744 1793 exsisteba13

334 1813 469 1874 cujus
515 1813 656 1857 etiam
708 1827 834 1857 nova
877 1809 1177 1871 investitura,
1220 1822 1446 1874 tanquam
1497 1812 1749 1875 imperialis

337 1888 462 1935 feodi
499 1888 613 1933 olim
650 1888 709 1934 ad
748 1904 796 1933 se
829 1904 885 1933 ex
920 1904 1243 1952 possessorum
1290 1890 1503 1951 neglectu
1545 1889 1748 1951 legitime

335 1967 575 2024 devoluti,
619 1967 725 2029 jure
769 1965 1029 2011 firmiorem
1077 1966 1265 2012 titulum
1308 1966 1417 2012 duci
1463 1967 1748 2028 acquisitura

336 2045 605 2107 putabatur.

401 2123 543 2183 Igitur
562 2132 613 2167 ut
631 2121 863 2167 celebrius
887 2121 1221 2184 hujuscemodi
1241 2121 1514 2167 investitura
1533 2130 1577 2166 et
1602 2138 1750 2167 sacra-

336 2200 481 2243 menti
506 2199 705 2243 hominii
742 2199 1002 2262 praestatio²
1036 2198 1218 2243 cunctis
1251 2199 1617 2256 innotescerent,
1654 2208 1748 2244 tam

336 2275 395 2320 ad
420 2276 670 2337 augustalis
696 2276 1122 2321 manifestationem
1162 2285 1206 2320 et
1243 2275 1652 2320 conservationem
1677 2275 1747 2320 di-

338 2353 550 2413 gnitatis,
591 2369 733 2413 quam
776 2354 918 2399 etiam
952 2353 1097 2416 ipsius
1136 2352 1269 2397 ducis
1297 2353 1415 2414 juris
1453 2363 1594 2414 atque
1630 2351 1746 2396 tituli

338 2430 567 2492 majorem
591 2431 942 2488 notorietateni,
974 2430 1104 2491 jussu
1134 2430 1429 2493 imperatoris
1453 2429 1743 2491 dejectorum

390 2602 425 2636 1.
459 2600 675 2636 Dea-ivisset
694 2597 788 2634 dans
809 2598 842 2634 le
862 2610 933 2635 ms.

390 2660 426 2695 2.
462 2661 631 2694 Patra-*io
656 2657 748 2693 dans
772 2657 804 2693 le
826 2669 894 2692 ms.
