1923 3020
326 263 397 297 ΗΞ
690 259 1025 295 HISTORIARUM
1051 260 1283 296 LUDOVICI
1312 263 1366 297 XI

323 348 566 392 salubriter
588 345 897 391 admonentes
920 345 1069 407 patria
1097 355 1142 390 et
1169 362 1314 407 regno
1338 345 1537 409 pellere,
1577 348 1714 396 bonis

321 439 375 467 ac
401 422 692 484 patrimoniis
725 421 925 483 spoliare
944 457 954 477 ,
988 437 1069 465 seu
1098 421 1238 466 etiam
1264 422 1503 485 suppliciis
1531 423 1716 472 afficere

320 510 459 561 atque
486 499 532 542 iu
565 514 646 543 eos
681 498 841 543 saevire
877 516 885 541 :
931 498 1033 559 quis
1071 513 1238 543 sanum
1275 499 1459 562 sapiens
1489 499 1656 545 dixerit
1691 518 1716 548 a

320 574 589 621 cohibendo
614 585 710 619 tam
744 573 1009 632 insolentis,
1037 590 1134 619 non
1163 574 1306 636 regis,
1336 575 1416 620 sed
1440 576 1715 638 iniquissimi

320 653 477 714 potius
525 652 710 713 tyranni
757 660 801 695 et
841 651 1172 696 cruentissimae
1206 651 1390 710 bestiae,
1435 652 1635 715 impetus
1670 663 1716 699 et

319 729 496 774 rabiem
531 737 770 789 magnates
793 738 838 773 et
873 744 1092 790 proceres
1125 730 1281 791 regni,
1311 730 1406 775 imo
1431 747 1620 776 omnem
1646 732 1713 776 vi-

319 822 423 850 rum
446 804 625 850 bonum
653 814 695 850 et
720 805 908 866 justitia*
932 805 1206 864 zelatorem,
1239 822 1336 851 sese
1361 806 1532 852 debere
1555 808 1713 852 conti-

320 898 448 940 nere,
475 891 519 926 et
544 881 776 927 abstinere
799 897 825 926 a
848 880 1065 925 remediis
1091 881 1491 944 quibuscumque,
1528 899 1629 944 quae
1653 882 1713 928 ad

318 957 409 1002 hoc
447 974 580 1020 posse
614 956 844 1020 proficere
875 956 1213 1002 rationabiliter
1246 958 1460 1002 aestimari
1494 959 1674 1021 possint
1697 995 1708 1017 ,

318 1035 639 1096 inquirendis,
677 1034 987 1097 procurandis
1033 1044 1072 1079 et
1118 1035 1456 1096 prosequendis
1480 1072 1490 1093 ‚
1535 1052 1621 1081 uec
1664 1052 1712 1081 se

318 1128 559 1174 opponere
583 1127 770 1155 murum
798 1111 1080 1155 defensionis
1106 1127 1192 1173 pro
1218 1111 1363 1155 domo
1392 1111 1563 1156 lsrael?

385 1192 484 1232 Non
506 1187 674 1250 probat
698 1190 848 1245 Deus,
888 1188 933 1231 in
961 1196 1093 1231 tanto
1114 1187 1382 1231 discrimine
1405 1197 1450 1232 et
1472 1196 1711 1233 tantorum

317 1264 517 1309 colluvie
537 1264 758 1308 xitiornm
790 1273 834 1307 et
867 1263 1130 1317 malorum,
1165 1273 1213 1307 ut
1238 1263 1468 1319 remedia,
1503 1281 1604 1326 quae
1623 1265 1712 1310 hu-

318 1341 521 1385 manitus
549 1340 700 1385 afferri
726 1349 949 1402 possunt,
978 1349 1170 1402 torpore
1193 1349 1335 1402 atque
1362 1341 1544 1402 ignavia
1568 1342 1712 1403 negli-

318 1429 500 1479 gentes,
534 1419 631 1479 ejus
665 1417 921 1480 potentiam
953 1426 1091 1478 atque
1122 1418 1344 1480 pietatem
1380 1428 1635 1478 tentemus,
1668 1429 1712 1465 et

317 1513 448 1551 cum,
477 1512 606 1540 more
630 1494 840 1539 humano
857 1529 867 1548 ‚
896 1493 1180 1551 remedium⁷
1211 1510 1318 1538 cum
1343 1494 1429 1538 Dei
1453 1494 1708 1556 adjutorio,

316 1588 572 1634 apponere,
586 1570 767 1632 agendo
777 1580 819 1615 et
836 1570 1118 1627 laborando,
1134 1587 1399 1633 possumus.
1411 1573 1526 1617 Vera
1539 1572 1712 1635 quippe

315 1658 382 1693 est
405 1648 546 1693 Marci
569 1647 756 1692 Catonis
778 1647 1046 1707 gravissima
1069 1647 1146 1691 illa
1170 1647 1400 1692 sententia
1429 1664 1437 1691 :
1470 1668 1491 1689 «
1515 1664 1611 1693 non
1632 1664 1712 1694 vo-

316 1725 372 1769 tis
400 1740 553 1785 neque
583 1723 821 1786 suppliciis
847 1722 1155 1767 muliebribus
1188 1723 1357 1769 auxilia
1388 1722 1589 1769 deorum
1629 1740 1712 1788 pa-

314 1809 501 1857 rantur-3
528 1798 783 1860 vigilando,
810 1798 1014 1861 agendo,
1034 1798 1156 1844 bene
1173 1798 1467 1844 consulendo
1488 1815 1712 1862 prospera

315 1876 473 1921 omnia
507 1875 696 1921 cedunt.
735 1874 823 1919 Ubi
855 1874 1081 1919 socordiae
1105 1884 1245 1935 atque
1268 1875 1461 1936 ignaviae
1492 1885 1536 1920 te
1568 1876 1711 1921 tradi·

315 1952 462 2011 deris,
505 1952 828 2015 nequidquam
867 1951 982 1996 deos
1016 1951 1236 2014 implores
1273 1970 1282 1997 z
1322 1952 1426 1998 irati
1464 1952 1711 2016 infestique

315 2040 471 2074 sunt.»
493 2029 634 2085 Quod
656 2039 700 2074 et
720 2045 850 2074 sacer
869 2028 1037 2074 cecinit
1059 2028 1266 2073 Psalmus
1295 2047 1304 2073 ε
1339 2049 1358 2070 ι(
1382 2032 1431 2073 ln
1457 2029 1545 2074 deo
1571 2029 1708 2074 facie-

317 2123 418 2150 mus
442 2108 683 2163 virtutem,
713 2116 759 2151 et
784 2107 880 2168 ipse
905 2105 964 2150 ad
988 2105 1187 2150 nihilum
1213 2105 1414 2151 deducet
1437 2105 1708 2151 tribulantes

314 2198 417 2226 nos.
444 2203 463 2223 n
488 2186 628 2245 Spem
652 2184 777 2228 enim
802 2198 994 2228 omnem
1026 2181 1186 2226 fideles
1209 2182 1255 2226 in
1282 2185 1430 2227 Deum
1457 2183 1708 2245 projicien-

315 2267 381 2302 tes
399 2295 408 2311 ,
435 2259 563 2320 quod
590 2260 634 2303 in
661 2276 707 2303 se
732 2269 821 2315 cst,
852 2269 896 2303 et
929 2257 1058 2320 quod
1084 2259 1149 2303 cis
1176 2275 1310 2321 posse
1336 2258 1529 2304 donavit
1555 2262 1704 2312 Deus,

315 2350 448 2395 agere
474 2344 515 2378 et
539 2335 723 2395 aggredi
749 2335 937 2388 debent,
966 2351 1062 2379 non
1088 2335 1310 2398 praecipiti
1335 2351 1486 2397 neque
1513 2344 1709 2380 temera-

315 2411 412 2465 rio,
449 2410 526 2454 sed
554 2420 781 2471 quantum
810 2428 967 2455 rerum
990 2410 1200 2455 conditio
1227 2411 1494 2473 permittere
1520 2420 1704 2473 potest,

316 2496 499 2531 maturo
514 2486 787 2546 digestoque
805 2486 1019 2531 consilio.
1035 2486 1123 2531 Ubi
1142 2496 1313 2546 autem,
1333 2503 1463 2531 more
1477 2486 1703 2544 humano,

314 2563 579 2608 imminenti
596 2562 734 2607 exitio
750 2578 802 2605 ac
822 2561 1111 2607 tribulationi
1131 2580 1377 2608 occurrere
1399 2573 1444 2608 et
1462 2564 1707 2626 providere

315 2657 410 2685 non
449 2655 698 2702 possumus
734 2638 878 2699 (tuuc
917 2639 1107 2699 quidem
1144 2657 1252 2685 cum
1288 2643 1559 2703 ignoramus
1592 2639 1705 2702 quid

315 2733 449 2778 agere
467 2715 760 2773 debeamus),
789 2714 878 2757 lioe
897 2714 1048 2758 solum
1070 2714 1299 2761 habemus
1325 2717 1498 2762 residui
1521 2727 1571 2761 ut
1594 2732 1704 2761 ocu-
