1923 3020
718 275 857 310 LIBER
888 276 1083 313 PRIMUS.
1553 279 1598 313 37

202 370 474 423 querentur,
507 360 566 406 ab
599 361 696 407 aliis
731 362 855 424 plus,
891 362 948 407 ab
981 362 1080 408 aliis
1114 363 1291 417 minus,
1328 380 1435 409 cum
1463 364 1599 409 etiam

203 438 311 500 ipsae
335 436 456 498 leges
478 436 634 482 civiles
658 439 982 483 Romanorum
1002 437 1235 484 affirment
1255 449 1392 484 tantae
1419 441 1602 485 temeri-

204 514 309 558 tatis
337 522 381 557 et
414 513 617 559 audaciae
645 530 742 559 esse
776 515 925 560 solere
954 514 1316 577 publicanorum
1351 516 1598 575 factiones,

206 598 254 633 ut
272 604 412 633 nemo
433 589 576 634 ferme
594 591 647 634 sit
667 591 747 652 qui
767 591 813 636 id
838 591 1027 636 nesciat.
1051 591 1142 636 Sed
1163 602 1288 637 certe
1308 593 1448 637 nimis
1468 592 1605 656 longe

204 681 227 711 a
271 665 463 710 veritate
508 666 715 728 praedicti
760 667 1069 722 aberrabant,
1122 668 1438 715 existimantes
1479 669 1605 731 quod

205 742 262 788 ad
297 752 470 788 tantam
501 760 754 802 summam,
790 754 973 807 quantze
1000 746 1323 791 remissionem
1349 745 1604 802 faciebant,

206 819 476 880 hujusmodi
516 820 787 867 officialium
833 822 1054 885 rapinulae
1092 833 1281 884 possent
1324 823 1604 880 ascendere,

206 895 428 957 quodque
471 913 578 941 cum
621 897 933 942 diminutione
971 914 1293 957 summarum,
1337 899 1396 945 de
1438 900 1608 962 quibus

206 972 514 1033 provinciales
560 974 700 1019 levari
748 982 1018 1037 sperarant,
1065 973 1121 1018 ad
1167 975 1422 1036 integram,
1465 993 1606 1039 quam

207 1046 557 1109 desponderant
583 1050 702 1110 regi,
730 1050 1035 1111 quantitatem
1061 1060 1253 1112 possent
1277 1053 1536 1112 pervenire.

273 1125 426 1183 Unde,
462 1136 712 1188 postquam
750 1136 840 1171 tam
881 1126 1182 1172 collectarum
1221 1127 1314 1172 sive
1353 1128 1607 1185 talliarum,

207 1218 348 1264 quam
376 1202 729 1263 quadrimarum
762 1212 805 1247 et
835 1202 1118 1264 gabellarum
1150 1202 1281 1259 salis,
1311 1204 1470 1248 animo
1498 1221 1612 1250 con-

207 1286 364 1340 ceptas
389 1287 431 1323 et
457 1279 729 1340 imaginatas
754 1295 1043 1324 summarum
1068 1279 1405 1325 diminutiones
1435 1297 1518 1345 per
1542 1292 1613 1327 to-

209 1365 301 1401 tam
336 1355 602 1400 effuderunt
633 1367 772 1418 atque
801 1356 1101 1420 publicarunt
1129 1357 1449 1419 provinciam,
1481 1376 1611 1404 man-

208 1432 372 1478 dantes
413 1432 792 1491 vicecomitibus,
833 1434 913 1496 qui
952 1433 1115 1479 fiscum
1159 1434 1453 1480 ordinarium
1493 1436 1612 1498 regis

208 1510 426 1571 colligere
479 1520 841 1565 consueverant,
886 1520 1115 1572 quatenus
1157 1510 1289 1572 juxta
1338 1520 1532 1556 statutas
1570 1522 1613 1557 et

209 1587 473 1632 moderatas
511 1603 594 1648 per
630 1587 755 1650 ipsos
782 1603 989 1632 summas
1022 1586 1348 1633 collectionem
1381 1587 1607 1643 facerent,

208 1663 465 1725 suppressis
484 1663 671 1724 penitus
691 1671 735 1706 et
757 1661 942 1708 abolitis
962 1672 1101 1725 atque
1119 1679 1207 1726 pro
1226 1672 1438 1726 tempore
1462 1664 1614 1724 quies-

209 1738 422 1785 centibus
443 1737 662 1782 ornnibus
681 1738 957 1783 officialibus
975 1739 1278 1798 tributorum,
1301 1740 1381 1802 qui
1399 1741 1612 1803 proxime

208 1825 316 1861 ante
346 1831 453 1860 cum
487 1815 700 1859 maximis
736 1815 958 1877 impensis
993 1825 1035 1860 et
1064 1815 1307 1861 laboribus
1338 1815 1611 1876 hujusmodi

210 1892 362 1938 officia
388 1908 413 1936 a
438 1908 543 1953 rege
574 1907 699 1935 novo
725 1891 1137 1954 impetrarant¹....
1172 1895 1259 1936 Pro
1285 1891 1609 1952 hujuscemodi

209 1978 365 2014 autem
385 1967 615 2012 mandatis
633 1983 686 2012 ac
707 1984 903 2012 onerum
923 1968 1258 2023 minoratione,
1281 1968 1444 2028 ingens
1461 1967 1611 2014 laetitia

209 2061 292 2107 per
313 2044 574 2089 universam
594 2043 883 2106 provinciam
901 2044 1181 2107 simplicium
1202 2042 1411 2106 plebium
1430 2044 1613 2090 animos

210 2120 381 2178 affecit,
397 2119 527 2183 quod
550 2129 728 2164 tantam
750 2122 1076 2182 pecuniarum,
1099 2137 1212 2183 quas
1230 2120 1497 2183 dependere
1514 2138 1614 2184 per·

210 2207 317 2242 ante
340 2197 462 2243 soliti
488 2206 662 2252 essent,
691 2196 858 2242 saetam
885 2208 1078 2260 repente
1102 2197 1315 2243 viderent
1339 2197 1611 2244 diminutio-

210 2290 342 2330 nem,
381 2273 682 2333 sublatosque
720 2284 970 2319 consuetos
1003 2274 1280 2337 publicanos
1314 2284 1358 2319 et
1391 2274 1612 2322 officiales

211 2351 462 2413 impiarum
501 2351 823 2407 exactionum,
852 2368 971 2413 quos
995 2351 1170 2397 eisdem
1201 2352 1407 2415 impositi
1440 2354 1611 2415 gravis-

211 2428 314 2472 simi
347 2429 502 2485 oneris
532 2445 697 2473 corum
732 2429 987 2475 ministerio
1016 2430 1203 2494 pondus
1231 2431 1368 2476 simul
1401 2440 1445 2476 et
1476 2432 1611 2476 variae

210 2505 544 2549 concussiones
569 2504 775 2566 dolique,
797 2505 981 2552 fraudes
1001 2517 1044 2552 et
1070 2508 1242 2571 rapinae
1261 2507 1451 2553 odiosos
1471 2518 1610 2569 atque

211 2581 386 2625 invisos
410 2582 608 2626 maxime
634 2581 947 2627 reddiderant.

272 2758 305 2792 1.
339 2759 355 2791 Ῐ
370 2769 389 2789 e
411 2769 494 2792 sens
516 2763 612 2793 reste
635 2756 727 2793 ainsi
748 2757 938 2807 suspendu
960 2757 1052 2794 dans
1074 2757 1107 2793 le
1129 2771 1197 2794 ms.
