1923 3020
345 306 417 339 384
706 301 1042 337 HISTORIARUM
1069 301 1302 336 LUDOVICI
1328 302 1384 336 XI

345 391 435 434 tius
461 389 594 443 belli,
622 402 730 430 cum
754 386 951 448 plurima
980 386 1188 448 ejusdem
1210 387 1341 432 ducis
1364 387 1562 450 pecunia
1585 397 1631 433 et
1655 406 1737 434 su-

347 463 571 528 pellectile
607 462 810 524 pretiosa
854 461 1120 508 ferebamur
1143 499 1154 521 ,
1206 473 1250 509 et
1304 480 1328 509 e
1376 462 1545 526 quibus
1590 473 1737 510 castra

345 539 512 583 vallare
535 547 578 583 et
601 538 897 584 communire
920 538 1265 600 consueverat),
1286 555 1451 601 parum
1465 539 1679 585 consulte
1696 549 1741 585 et

343 615 539 678 provide
564 615 887 677 praemitteret,
919 632 1026 660 cum
1053 617 1159 661 satis
1182 616 1349 679 pusillo
1375 617 1607 680 praesidio,
1634 617 1738 662 Sui—

343 702 494 736 tenses
526 691 605 753 qui
636 708 690 735 ex
713 692 807 736 suis
835 691 1076 737 montibus
1097 702 1141 737 et
1164 691 1368 738 latibulis
1393 704 1562 739 cuncta
1585 693 1742 756 auspi-

343 767 593 823 cabantur,
622 767 741 812 facta
763 768 1024 831 irruptione
1044 769 1304 831 repemina,
1333 786 1497 815 omnes
1528 770 1742 832 hujusce—

345 844 475 889 modi
505 860 669 889 currus
701 854 744 889 et
775 845 1046 890 universum
1076 845 1185 890 belli
1215 857 1514 909 apparatum,
1546 856 1591 892 et
1617 863 1741 908 quae-

344 938 547 984 cumque
570 921 772 983 pretiosa
799 932 879 966 aut
902 921 990 967 alia
1009 922 1100 966 illic
1127 932 1274 980 erant,
1293 933 1389 967 tam
1414 924 1500 986 ipsi
1519 923 1736 986 principi,

346 1015 489 1061 quam
528 998 640 1057 suis,
683 1007 762 1042 aut
795 998 934 1042 etiam
959 998 1296 1044 mercatoribus
1335 1009 1483 1044 castra
1531 999 1630 1060 ejus
1670 1015 1740 1044 se-

345 1073 613 1136 quentibus,
638 1074 914 1136 spectantia,
941 1075 1292 1135 conquisierunt
1317 1085 1362 1119 et
1385 1092 1475 1120 suae
1501 1075 1741 1137 potestatis

345 1161 484 1214 atque
515 1152 632 1213 juris
667 1150 945 1209 effecerunt,
983 1154 1109 1196 caesis
1147 1153 1285 1196 etiam
1319 1151 1418 1208 his,
1457 1152 1535 1213 qui
1568 1152 1626 1196 ad
1661 1168 1742 1196 eos

346 1227 684 1273 conducendos
718 1243 805 1289 pro
846 1227 1063 1289 prasidio
1097 1226 1188 1271 illic
1230 1226 1449 1283 aderant,
1494 1235 1539 1271 et
1574 1227 1742 1288 aurigis

345 1315 484 1365 atque
520 1303 854 1348 mercatoribus
898 1303 1143 1348 universis.
1194 1305 1308 1358 Quae
1347 1302 1503 1348 clades
1539 1319 1648 1347 cum
1685 1303 1743 1348 ad

345 1381 601 1439 exercitus,
637 1380 715 1441 qui
750 1379 1050 1441 sequebatur,
1089 1380 1305 1425 auditum
1340 1379 1640 1442 pervenisset,
1680 1380 1743 1425 il—

347 1457 436 1502 lico
463 1457 619 1518 fugam
643 1456 730 1501 liac
754 1467 893 1518 atque
927 1456 1029 1500 illac
1058 1457 1225 1517 singuli
1255 1457 1578 1519 arripuerunt,
1619 1456 1666 1500 in
1690 1471 1744 1501 ea

346 1533 443 1578 sola
482 1550 611 1595 spem
652 1532 904 1593 effugiendi
952 1533 1160 1595 pericula
1211 1533 1462 1596 repositam
1507 1548 1603 1577 esse
1649 1549 1743 1595 pu-

347 1613 530 1654 tantes¹.

412 1689 516 1729 Haec
542 1685 625 1729 suit
647 1684 798 1747 prima
821 1684 968 1744 labes,
992 1695 1037 1729 et
1067 1685 1332 1730 futurorum
1359 1686 1591 1731 malorum
1608 1722 1618 1741 ,
1642 1702 1744 1747 quae

350 1773 506 1824 postea
542 1763 710 1808 ducem
755 1763 1030 1824 Burgundiae
1067 1773 1222 1808 secuta
1259 1773 1390 1822 suut,
1439 1763 1567 1807 triste
1604 1772 1744 1825 atque

348 1839 599 1884 infaustum
628 1841 902 1902 auspicium.
944 1844 992 1885 ln
1022 1857 1114 1903 qua
1136 1858 1200 1898 re,
1227 1844 1411 1904 przeter²
1435 1841 1743 1903 ignominiam

346 1927 388 1962 et
407 1918 733 1964 confusionem
754 1919 1080 1981 permaximas,
1095 1936 1210 1981 quas
1230 1919 1445 1983 provide3
1462 1919 1676 1964 sustinuit
1701 1928 1745 1963 et

347 1996 553 2057 quat-sivit
595 1996 983 2056 Burgundionum
1010 1996 1122 2055 dux,
1147 1997 1319 2041 damna
1344 1997 1483 2042 etiam
1514 1996 1745 2058 permaxi-

349 2088 440 2128 ma,
485 2081 528 2116 et
570 2089 671 2134 quae
704 2089 798 2117 non
839 2073 967 2117 facile
999 2074 1215 2119 aestimari
1251 2083 1471 2136 possunt,
1503 2072 1626 2117 idem
1651 2072 1743 2117 dux

349 2160 510 2205 passus
539 2145 640 2190 suit.
669 2149 804 2201 Nam,
839 2147 905 2190 uti
931 2147 1050 2192 sama
1076 2146 1325 2204 serebatur,
1366 2156 1513 2191 totam
1539 2145 1743 2190 nobilem

350 2219 475 2264 illam
511 2222 844 2284 supellectilem
886 2223 985 2268 auri
1025 2234 1064 2267 et
1109 2223 1287 2285 argenti
1324 2232 1463 2284 atque
1511 2223 1744 2267 variorum

350 2308 755 2357 ornamentorum,
785 2314 926 2360 quam
966 2299 1334 2361 copiosissimam
1361 2314 1383 2342 a
1411 2298 1501 2342 suis
1530 2297 1746 2360 progeni-

351 2372 531 2416 toribus
552 2384 809 2437 acceperat,
838 2373 901 2418 ibi
925 2374 1142 2437 perdidit.
1165 2377 1278 2429 Quae
1299 2373 1358 2419 ad
1373 2390 1540 2418 manus
1560 2373 1745 2418 illorum

352 2465 610 2511 pauperum
639 2451 906 2512 Alpiuatum
932 2452 1161 2514 pervenit,
1188 2468 1306 2513 quos
1335 2450 1483 2495 Julius
1506 2452 1674 2509 Caesar,
1701 2451 1744 2494 in

405 2589 440 2625 ·1.
474 2590 526 2623 La
551 2586 701 2622 version
728 2587 793 2623 ‹les
816 2588 975 2624 temoins
995 2588 1180 2625 oculaires
1208 2588 1343 2624 dissere
1369 2587 1681 2624 essentiellement
1701 2586 1746 2623 de

351 2647 516 2684 ‹telle-ci.
543 2646 630 2682 Voir
650 2645 684 2682 le
703 2647 916 2682 Commines
938 2648 983 2683 de
1004 2648 1091 2683 Mlle
1112 2650 1282 2697 Dupont,
1303 2656 1328 2684 t.
1351 2649 1401 2693 II,
1424 2660 1461 2696 p.
1487 2650 1523 2684 9.

406 2708 442 2740 2.
475 2707 632 2754 l’ropler
650 2705 740 2740 daus
762 2705 794 2739 le
816 2718 882 2741 1115.

406 2766 441 2801 3.
477 2765 771 2812 Plutotstroimlae·
789 2776 837 2799 ou
861 2766 1072 2811 improvide.
