1923 3020
301 254 376 289 130
661 250 1000 286 HISTORIARUM
1029 249 1263 285 LUDOVICI
1290 250 1344 285 XI

296 350 381 397 est,
401 350 447 385 ut
460 339 634 400 Diepae,
656 336 900 393 Haressuti,
915 334 1230 392 Calidobecci,
1252 336 1543 393 Honnessufi,
1561 340 1704 384 Lexo-

302 417 360 461 vii
381 451 391 472 ,
429 413 652 459 Cadomi¹
672 449 682 472 ,
725 421 772 458 et
817 412 1034 458 omnium
1059 410 1203 457 ferme
1239 411 1527 475 oppidorum
1565 422 1704 475 atque

296 492 539 537 civitatum
579 489 814 535 inferioris
848 489 1146 535 Normanniae
1179 488 1398 535 defectio.
1441 493 1558 536 Nam
1594 506 1703 536 cum

294 567 352 612 ad
377 566 558 628 singula
593 565 699 612 loca
731 566 825 612 dux
868 565 1117 624 Borbonii,
1147 582 1438 629 prosequens
1469 583 1496 612 a
1524 584 1572 612 se
1596 568 1705 614 satis

293 643 488 688 feliciter
526 643 808 705 Rothomagi
831 651 1009 706 coepta,
1039 642 1217 705 aliquas
1247 643 1468 690 cohortes
1499 654 1705 690 armato-

292 737 398 765 rum
426 721 759 766 transmitteret
786 719 886 783 (qui
912 720 1221 783 promittendi
1245 721 1416 768 uberes
1446 722 1703 786 plurimum

292 806 338 842 et
378 798 561 861 copiosi
600 807 763 855 erant,
805 796 1215 860 quemadmodum
1253 801 1352 861 ipse
1392 799 1532 845 etiam
1556 798 1701 861 erat),

291 874 452 936 paucis
475 875 679 938 exceptis
703 873 845 932 lociS,
885 889 1041 919 raram
1062 885 1142 920 aut
1166 874 1343 921 nullam
1368 877 1606 939 repulsam
1636 877 1705 921 in-

291 961 544 1010 venerunt,
569 951 653 997 sed
674 967 839 997 omnes
849 951 1048 1014 parendi
1069 961 1210 1013 atque
1230 951 1486 998 obediendi
1505 953 1703 999 domino

293 1029 464 1075 Carolo
490 1037 740 1092 promptos
761 1045 815 1074 ac
848 1028 1063 1074 devotos.

354 1105 435 1151 His
458 1115 617 1152 autem
642 1121 721 1151 rex
747 1106 952 1167 acceptis
979 1105 1116 1149 novis
1139 1103 1198 1149 de
1223 1104 1491 1151 defectione
1519 1107 1704 1153 Rotho-

292 1183 584 1244 magensium
604 1192 650 1228 et
667 1182 871 1227 aliorum
894 1181 1210 1244 oppidorum,
1240 1180 1376 1226 valde
1399 1183 1561 1229 animo
1591 1201 1705 1230 con·

293 1269 527 1306 sternatus
551 1260 661 1315 suit;
689 1259 926 1322 principes
951 1274 1065 1303 vero
1089 1258 1448 1320 conjurationis,
1467 1270 1512 1306 et
1532 1261 1596 1307 illi
1620 1278 1705 1324 po-

295 1337 472 1382 tissime
500 1337 580 1399 qui
607 1336 957 1398 conjunctiores
980 1335 1179 1381 domino
1206 1336 1377 1383 Carolo
1401 1348 1550 1399 erant,
1568 1338 1704 1385 valde

291 1413 535 1459 exhilarati
571 1423 618 1459 et
644 1414 743 1477 spei
772 1413 979 1459 melioris
1002 1412 1170 1458 essecti.
1206 1413 1340 1459 Unde
1365 1430 1445 1460 rex
1469 1416 1632 1462 videns
1656 1426 1702 1462 et

292 1491 561 1536 existimans
582 1507 681 1536 non
702 1490 858 1536 minus
873 1489 1005 1536 facile
1025 1506 1178 1554 posse,
1198 1506 1302 1553 quae
1325 1489 1482 1537 adhuc
1501 1502 1699 1553 teneret,

294 1567 510 1630 perdere,
533 1583 676 1630 quam
697 1567 1038 1613 Norinanniam
1057 1566 1355 1631 perdidisset,
1380 1577 1432 1613 ut
1451 1585 1560 1614 cum
1580 1570 1706 1633 prin-

293 1643 475 1707 cipibus
506 1653 753 1690 tractatum
781 1643 1036 1690 honestum
1069 1644 1335 1704 inveniret,
1374 1654 1561 1708 treugas
1595 1662 1703 1691 cum

294 1722 470 1769 eisdem
493 1722 612 1768 secit.
642 1721 826 1778 Quibus
851 1722 1064 1781 firmatis,
1097 1737 1207 1767 cum
1233 1721 1410 1768 eisdem
1436 1739 1521 1786 per
1545 1721 1704 1787 plures

293 1799 394 1846 dies
416 1799 680 1846 collocutus
700 1809 793 1859 est,
829 1799 1023 1845 studens
1044 1815 1231 1862 semper
1260 1807 1305 1844 et
1336 1799 1547 1858 enitens,
1579 1816 1702 1845 non-

293 1876 433 1922 nullis
456 1892 628 1939 magna
649 1875 975 1939 promittendo
995 1913 1005 1933 ,
1043 1875 1143 1922 aliis
1167 1874 1390 1922 adversus
1415 1875 1530 1922 alios
1550 1876 1635 1921 zeli
1659 1885 1703 1922 et

293 1953 453 1999 livoris
475 1953 597 1999 faces
628 1952 903 2011 accendere,
928 1962 980 1998 ut
1005 1969 1085 1998 eos
1109 1969 1136 1998 a
1160 1969 1207 1998 se
1226 1953 1447 2011 invicem,
1472 1963 1515 1999 et
1535 1953 1702 1999 animis

295 2041 341 2077 et
368 2031 676 2095 corporibus,
715 2030 1004 2094 quibuslibet
1033 2029 1212 2076 artibus
1245 2030 1530 2094 disjungeret
1562 2039 1703 2093 atque

295 2119 548 2172 separaret.
1291 2155 1296 2161 ,

364 2186 644 2231 Practicarat
665 2195 821 2231 autem
846 2185 944 2248 ipse
968 2200 1048 2230 rex
1070 2193 1116 2230 et
1140 2184 1187 2229 in
1212 2200 1341 2230 arma
1360 2184 1699 2242 concitaverat,

296 2280 380 2328 per
403 2264 559 2327 plures
586 2263 763 2324 legatos
788 2272 833 2308 et
856 2263 1099 2326 epistolas,
1137 2260 1469 2307 Leodiensium
1499 2260 1704 2324 populos

298 2341 520 2387 adversus
543 2340 934 2400 Burgundionum
958 2338 1128 2385 ducem
1159 2357 1167 2383 :
1203 2339 1285 2401 qui
1309 2339 1418 2384 satis
1438 2337 1498 2384 ad
1522 2338 1570 2383 id
1592 2354 1705 2401 pro-

297 2418 466 2475 clives,
519 2426 713 2480 propter
752 2417 1064 2462 inveteratum
1102 2415 1268 2461 odium
1306 2414 1437 2478 quod
1475 2432 1502 2461 a
1546 2414 1703 2460 multis

296 2493 589 2560 temporibus
612 2509 797 2555 semper
821 2492 881 2538 ad
906 2492 1267 2555 Burgundiones
1285 2508 1547 2554 eorumque
1571 2491 1704 2555 prin-

298 2573 425 2637 cipes
447 2571 712 2618 habuerant
729 2579 775 2615 et
792 2569 1049 2627 habebant,
1077 2579 1218 2633 atque
1233 2570 1388 2616 faciles
1408 2569 1698 2615 exstiterant.

351 2737 386 2770 1.
420 2734 581 2785 Dieppe,
603 2733 794 2778 Harsseur,
815 2731 1029 2778 Caudeboe,
1056 2732 1254 2778 Honsseur‚
1276 2732 1445 2777 Lisieux,
1468 2733 1582 2768 Caen.
