1923 3020
706 261 851 296 LIBER
878 259 1144 297 SECUNDUS.
1554 261 1629 296 139

232 355 332 400 talis
355 351 561 418 provisio
585 348 805 407 cuilibet,
833 348 906 395 vel
937 348 1137 394 tenuiter
1168 347 1390 410 sapienti,
1416 346 1631 393 inefficax

230 440 369 494 atque
392 428 567 475 inutilis
583 442 775 490 prorsus
797 425 1012 471 facillime
1031 423 1180 470 videri
1200 433 1409 487 poterat,
1431 424 1631 488 imperio

229 523 283 553 ac
306 513 537 569 potestate
560 504 607 549 in
630 502 752 548 illius
772 519 913 548 manu
938 510 1269 565 permanente,
1293 502 1374 564 qui
1398 501 1557 547 omnia
1575 517 1631 546 ex

226 600 311 630 suo
338 581 546 646 pendere
571 580 756 626 volebat
782 581 975 627 arbitrio
996 616 1006 637 ,
1026 579 1248 642 nihilque
1277 579 1480 643 amplius
1508 595 1632 625 exse-

228 659 446 706 crabatur
483 657 557 703 vel
597 673 791 703 exosum
828 656 1031 702 habebat
1076 672 1221 718 quam
1269 655 1400 718 quod
1437 655 1515 701 illa
1547 671 1632 701 sua

229 751 412 783 summa
441 743 647 798 potestas
683 734 916 797 aliquibus
949 733 1108 795 legum
1146 733 1219 778 vel
1244 732 1432 794 justitiae
1466 732 1634 778 mode-

227 822 408 858 raretur
432 811 574 857 frenis
600 828 608 855 ε
633 811 793 856 similis
822 809 1033 874 profecto
1057 809 1144 854 illis
1175 809 1412 872 spiritibus
1435 809 1629 871 refugis,

228 890 307 952 qui
326 926 336 946 ,
363 888 574 950 neglecta
603 888 805 951 justitia,
840 885 982 932 solius
1018 885 1201 931 fervent
1224 885 1514 949 flagrantque
1538 902 1634 933 am-

228 965 410 1011 bitione
435 965 693 1028 potestatis.

294 1045 489 1105 Propter
512 1041 666 1104 quod,
694 1050 746 1086 ut
769 1055 911 1103 supra
933 1038 1191 1101 tetigimus,
1220 1039 1527 1102 quamphires
1550 1041 1633 1087 hu-

223 1118 433 1182 jusmodi
459 1118 730 1181 principum
754 1116 1130 1178 conjurationem
1147 1153 1158 1174 ,
1186 1125 1231 1161 et
1259 1115 1318 1161 ab
1347 1117 1481 1162 initio
1512 1128 1557 1164 et
1577 1135 1632 1164 ex

227 1205 335 1259 post
373 1195 518 1254 sacto,
549 1194 762 1240 detestati
789 1209 972 1256 semper
989 1202 1035 1238 et
1059 1191 1319 1238 abominati
1344 1193 1549 1254 suerunt,
1579 1211 1634 1241 ex

230 1281 403 1319 eventu
451 1272 606 1318 solum
652 1280 697 1317 et
727 1271 854 1316 exitu
884 1286 1043 1315 rerum
1080 1269 1403 1316 humanorum
1439 1280 1632 1316 actuum

224 1349 487 1395 bonitatem
505 1348 578 1394 vel
598 1347 822 1393 malitiam
846 1346 1107 1392 metientes
1133 1349 1202 1391 De
1219 1363 1315 1409 quo
1341 1348 1449 1393 satis
1469 1365 1627 1412 supra,

226 1435 456 1489 quantum
479 1424 612 1471 locus
634 1425 731 1488 ipse
754 1439 949 1487 poscere
968 1422 1234 1482 videbatur,
1259 1439 1284 1468 a
1307 1423 1447 1482 nobis
1471 1424 1634 1471 disser-

227 1512 329 1548 tum
353 1511 444 1560 est,
474 1501 579 1564 qui,
608 1501 796 1564 qualem
829 1501 1027 1563 quisque
1052 1500 1370 1546 intentionem
1392 1500 1525 1547 initio
1549 1502 1633 1548 ha-

227 1578 379 1638 beret,
407 1578 466 1624 ad
491 1587 671 1624 certum
690 1577 901 1640 judicare
923 1593 1020 1622 non
1058 1594 1326 1641 possumus.
1358 1581 1415 1624 Et
1443 1578 1632 1626 difficile

227 1655 486 1719 plurimum
529 1665 648 1700 esset
687 1655 825 1718 quin,
858 1656 906 1700 in
946 1663 1075 1701 tanta
1110 1655 1436 1713 multitudine,
1472 1656 1631 1719 plures
1684 1648 1688 1651 ⁵

226 1731 382 1793 potius
405 1747 488 1778 sua
511 1732 691 1795 privata
710 1730 987 1786 commoda,
1015 1747 1158 1794 quam
1187 1731 1391 1778 fructum
1411 1734 1633 1780 reforma-

227 1807 367 1852 tionis
403 1808 670 1871 reipublicae
701 1818 745 1854 et
769 1807 884 1854 honi
909 1807 1085 1871 publici
1110 1809 1354 1856 utilitatem
1376 1811 1631 1856 consectati

228 1882 451 1942 fuissent3
480 1884 561 1930 sed
594 1886 733 1930 etiam
768 1901 865 1931 non
894 1885 1013 1930 adeo
1045 1887 1218 1932 malam
1245 1886 1304 1931 de
1332 1886 1517 1944 multis,
1550 1888 1631 1949 qui

228 1959 351 2005 inter
367 1977 449 2006 eos
470 1971 626 2021 erant,
647 1962 1002 2007 aestimationem
1019 1962 1143 2024 juste
1164 1961 1340 2007 habere
1360 1978 1628 2025 possemus,

225 2045 278 2081 ut
292 2053 459 2082 omnes
479 2037 732 2095 duntaxat,
760 2053 862 2099 quae
889 2054 973 2084 sua
999 2049 1109 2085 sunt
1130 2075 1140 2097 ,
1164 2038 1461 2101 quaesivisse,
1489 2038 1633 2084 nihil—

228 2131 321 2177 que
344 2114 403 2161 de
425 2115 556 2161 bono
582 2114 774 2179 publico
800 2131 1012 2175 curasse,
1039 2116 1338 2162 damnemus.

292 2194 413 2238 Cum
436 2193 593 2256 itaque
617 2193 675 2238 de
705 2192 979 2254 hujusmodi
1011 2202 1210 2239 tractatu
1236 2203 1280 2239 et
1306 2192 1633 2256 pacificatione

228 2268 348 2314 facta
374 2286 501 2315 anno
526 2269 719 2315 Domini
751 2268 999 2314 millesimo
1026 2269 1487 2332 quadringentesimo
1508 2286 1633 2316 sexa-

228 2345 407 2407 gesimo
433 2342 636 2409 quinto,
678 2361 839 2391 mense
874 2345 1150 2405 novembri,
1186 2346 1314 2410 apud
1349 2346 1510 2392 villam
1550 2363 1632 2393 seu

227 2431 432 2467 castrum
471 2422 554 2467 ubi
597 2432 707 2468 sunt
741 2423 787 2467 in
828 2438 976 2468 unum
1005 2422 1297 2469 confluentes
1331 2425 1550 2486 Sequana
1586 2433 1632 2469 et

227 2500 350 2544 Isara
369 2500 398 2557 ¹,
441 2497 536 2544 dux
575 2498 825 2558 Borbonii,
874 2499 955 2562 qui
991 2508 1103 2545 tunc
1144 2499 1300 2546 adhuc
1349 2499 1631 2560 Rothomagi

280 2616 314 2652 1.
348 2613 525 2665 Corrigez
555 2616 747 2650 Matrona.
780 2613 991 2665 Singulicre
1019 2627 1167 2661 errem,
1193 2615 1259 2665 qui
1285 2628 1432 2666 prouve
1457 2614 1632 2652 combien

227 2685 302 2722 peu
321 2673 484 2710 l’auteur
501 2674 728 2710 connaissait
748 2674 800 2710 les
819 2673 999 2710 environs
1019 2673 1066 2711 de
1086 2674 1202 2713 Paris.
1224 2678 1277 2712 La
1299 2674 1521 2725 periphrase
1540 2673 1633 2711 dont

229 2731 253 2767 il
272 2744 310 2769 se
325 2740 401 2769 sert
416 2741 471 2769 est
487 2746 584 2783 pour
603 2732 778 2783 designer
796 2733 830 2769 le
849 2732 1007 2770 chateau
1031 2733 1078 2771 de
1091 2734 1287 2781 Conflans3
1310 2735 1403 2772 mais
1424 2747 1472 2772 au
1492 2734 1569 2772 lieu
1584 2735 1630 2771 de
