1923 3020
735 263 878 298 LIBER
906 260 1156 299 SECUNDUS
1165 288 1172 296 .
1581 261 1596 295 1
1608 261 1623 295 1
1634 262 1653 296 '1'

255 351 386 395 omni
414 367 606 415 prorsus
631 349 850 396 violentia
881 359 925 395 et
948 349 1190 412 iniquitate
1212 347 1468 405 abstinere;
1494 346 1655 392 dicens

254 443 325 483 se,
354 443 449 471 non
478 436 643 471 contra
668 442 848 487 regem,
877 424 956 470 sed
984 441 1070 488 pro
1095 441 1151 470 eo
1173 424 1329 487 potius
1355 433 1398 468 et
1432 423 1478 468 in
1512 423 1656 486 ipsius

254 504 477 565 regnique
510 504 582 547 sui
614 503 891 548 adventasse
929 502 1161 558 favorem3
1205 500 1252 546 id
1282 500 1504 563 idemque
1539 499 1656 545 alios

253 580 488 644 principes
507 580 659 640 regni,
684 597 740 624 ex
758 578 1007 636 condicto,
1031 578 1126 623 fore
1150 577 1373 633 facturos,
1398 576 1497 622 zelo
1513 575 1656 621 solius

256 654 520 719 reipublicae
560 654 708 716 (proli
744 654 914 715 dolor)
938 654 1136 698 nimium
1175 654 1358 698 enervis
1388 662 1432 698 et
1467 652 1653 708 lacerae,

255 749 340 778 nec
374 732 445 777 sui
484 731 649 794 privati
682 731 924 776 commodi
963 746 1117 775 causa.
1158 732 1262 792 Ipsa
1300 739 1454 775 autem
1498 729 1658 774 civitas

253 808 380 869 regia
414 823 497 870 per
535 816 688 851 certos
712 807 983 869 deputatos,
1013 822 1131 867 quos
1161 805 1220 850 ad
1257 806 1411 868 ipsum
1437 805 1659 867 requisita

254 884 543 932 audiendum
576 884 853 939 destinarat,
882 883 987 928 licet
1019 882 1173 927 multis
1194 881 1349 928 oblata
1370 891 1415 927 et
1436 882 1657 945 requisita

252 964 516 1028 placerent,
553 972 709 1007 tamen
749 962 848 1006 sine
888 962 1016 1022 jussu
1054 959 1174 1021 regis
1217 959 1370 1022 ipsum
1411 959 1658 1004 admittere

252 1050 298 1086 et
325 1040 447 1085 intro
471 1039 677 1101 recipere
705 1038 951 1083 recusavit.

318 1121 405 1161 Iter
446 1126 604 1161 autem
649 1132 807 1161 versus
847 1114 1042 1160 Parisios
1079 1112 1246 1176 agebat
1279 1112 1375 1158 dux
1410 1112 1656 1157 Britonum

252 1211 360 1239 cum
395 1210 480 1238 suo
508 1193 757 1250 comitatu,
797 1192 901 1254 qui,
939 1208 1021 1254 per
1051 1202 1206 1254 partes
1240 1189 1576 1234 Cenomanniae
1613 1200 1658 1235 et

252 1269 570 1314 Vindocinum
600 1268 857 1332 oppidum,
887 1267 946 1312 ad
971 1268 1192 1312 comitem
1218 1266 1277 1311 de
1305 1266 1548 1312 Charolois
1579 1283 1657 1312 ac-

252 1346 417 1392 cedere
439 1357 482 1391 et
507 1363 605 1391 sese
631 1345 782 1390 eidem
804 1344 1000 1405 jungere
1027 1342 1329 1407 properabat.

317 1426 431 1480 Quae
450 1439 558 1468 cum
582 1439 661 1467 rex
698 1421 1014 1477 intellexisset,
1040 1421 1122 1482 qui
1145 1420 1324 1478 adhuc,
1352 1429 1402 1465 ut
1428 1419 1654 1476 diximus,

251 1501 297 1545 in
335 1499 626 1545 ssorl)‹)nensi
653 1509 791 1559 atque
826 1497 1098 1542 Bituricensi
1133 1497 1376 1542 territoriis
1418 1505 1515 1541 erat
1548 1512 1659 1541 cum

253 1576 464 1622 maximis
491 1575 664 1638 copiis,
705 1575 875 1620 veritus
910 1592 968 1619 ne
1000 1573 1203 1619 fortassis
1236 1573 1360 1636 regia
1398 1573 1537 1619 etiam
1577 1588 1659 1617 sua

256 1653 541 1708 Parisiensis‚
570 1653 604 1696 si
631 1652 700 1697 sui
726 1652 932 1713 germani
955 1651 1249 1714 praesentiam
1275 1667 1328 1696 ac
1353 1650 1484 1695 ducis
1510 1649 1657 1694 Brito·

251 1746 382 1786 num,
411 1747 521 1775 cum
546 1730 693 1793 copiis
714 1730 888 1793 prael'ati
909 1729 1093 1774 comitis
1114 1727 1172 1774 de
1200 1727 1442 1773 Clearoloz's
1469 1726 1659 1788 juncto-

251 1809 375 1850 rum¹
399 1806 457 1851 ad
479 1807 681 1851 invicem
706 1806 898 1864 videret,
916 1815 1093 1851 mutata
1111 1805 1356 1869 opinione,
1375 1803 1431 1849 ad
1447 1819 1527 1847 eos
1543 1802 1659 1847 reci-

251 1882 453 1945 piendos
477 1899 576 1927 sese
600 1883 827 1938 flecteret,
857 1883 1045 1927 concito
1074 1897 1233 1943 gressu
1259 1897 1313 1926 ac
1343 1894 1656 1942 perpropero,

251 1958 525 2003 transmisso
547 1975 629 2022 per
654 1958 1034 2003 Aurelianensem
1056 1956 1222 2002 urbem
1247 1955 1418 2017 Ligeris
1437 1954 1656 2011 flumine,

250 2033 311 2080 ad
335 2035 684 2080 occurrendum
710 2035 969 2080 discrimini
998 2051 1106 2080 cum
1134 2034 1226 2079 suis
1253 2032 1490 2095 equitibus
1513 2030 1662 2076 advo-

250 2111 378 2157 lavit.
406 2114 623 2157 Metuens
644 2113 768 2157 enim
789 2129 846 2157 ne
873 2112 918 2156 in
935 2128 1084 2156 unum
1111 2121 1316 2172 utraeque
1335 2109 1662 2172 copiaejunge·

251 2197 440 2245 rentur,
468 2188 652 2233 comitis
677 2187 848 2233 scilicet
876 2188 930 2232 de
969 2187 1212 2232 Char-0702&
1237 2195 1282 2231 et
1310 2185 1442 2230 ducis
1479 2184 1658 2229 Britan-

251 2265 366 2323 niae,
394 2266 475 2328 qui
508 2267 553 2310 in
583 2266 734 2311 Beleia
760 2266 856 2327 jam
891 2263 1033 2309 ambo
1065 2266 1247 2321 erant2,
1277 2262 1336 2308 ad
1362 2271 1565 2325 quatuor
1588 2260 1662 2305 vel

306 2445 342 2480 1.
375 2445 527 2478 Junecos
548 2442 641 2478 dans
664 2442 697 2479 le
718 2455 786 2479 ms.

306 2504 345 2540 2⁵2.
378 2502 465 2538 Cela
487 2504 582 2537 n'est
607 2514 673 2550 pas
703 2508 824 2539 exact.
856 2503 908 2538 Le
932 2508 1054 2536 comte
1081 2499 1127 2536 de
1152 2498 1347 2537 Charolais
1372 2498 1502 2534 n'e'tait
1525 2509 1664 2534 encore

250 2561 339 2610 qu’a
361 2560 611 2597 Saint-Cloud
636 2560 670 2595 le
689 2562 737 2595 ¹123
755 2560 894 2606 juillet.
915 2568 951 2597 et
970 2560 993 2596 il
1018 2559 1132 2596 n’alla
1153 2572 1220 2609 pas
1240 2558 1325 2609 plus
1346 2557 1421 2594 loin
1441 2569 1516 2606 que
1535 2558 1664 2591 Mont-

249 2620 360 2670 lhery
376 2628 490 2656 avant
511 2619 659 2655 d'avoir
679 2619 878 2656 rencontre
898 2619 1011 2656 Louis
1026 2621 1093 2656 XI.
1116 2621 1242 2666 Quant
1264 2631 1339 2654 aux
1358 2620 1531 2662 Bretons,
1549 2621 1664 2664 ayant

249 2681 367 2730 quitte
398 2679 593 2716 Vendoine
632 2692 676 2716 en
712 2682 834 2716 ini-me
868 2688 986 2730 temps
1020 2692 1094 2728 que
1127 2680 1180 2715 les
1212 2677 1504 2728 Bourguignons
1537 2673 1662 2712 Saint-

249 2738 368 2775 Cloud
387 2770 393 2783 ,
417 2738 461 2774 ils
481 2739 693 2775 arriverent
717 2741 735 2774 ἐι
759 2735 932 2788 Etampes
955 2738 1165 2775 seulement
1184 2737 1219 2774 le
1241 2739 1287 2773 19
1308 2735 1448 2783 juillet.
