1923 3020
705 229 846 262 LIBER
885 228 1125 272 QUARTUS.
1538 227 1610 261 345

223 327 328 367 neS,
360 322 405 357 et
427 313 521 374 ipse
553 312 940 374 Burgundionum
965 313 1057 358 dux
1087 313 1135 357 in
1163 312 1322 358 castris
1355 321 1460 357 ante
1487 315 1609 357 Nus-

222 389 334 432 siam
351 388 538 449 jaceret,
560 389 840 433 Suitensium
858 390 1037 451 populi,
1060 406 1169 434 cum
1184 388 1606 451 Argentinensium,

222 463 539 509 Basiliensium
569 473 613 508 et
642 465 980 509 Ferretensium
1018 466 1164 528 copiis
1183 502 1193 522 ,
1222 465 1336 511 fines
1363 464 1609 510 Vesontio-

222 556 333 584 num
352 543 378 583 ¹.
407 538 589 594 Quibus
621 557 727 585 cum
755 541 1060 586 resistentiam
1085 541 1198 586 dare
1221 551 1264 586 et
1294 542 1468 604 patrios
1497 540 1611 586 fines

221 624 382 660 contra
416 631 495 659 eos
530 617 667 661 tutari
705 625 843 677 atque
883 616 1134 662 defendere
1179 617 1343 663 milites
1388 618 1478 663 illic
1524 633 1610 681 pro

222 689 437 753 praesidio
467 691 566 749 siti,
591 707 697 735 cum
723 708 974 736 numerosa
1000 708 1052 736 ex
1086 694 1205 753 agris
1229 693 1425 739 collecta
1456 693 1612 739 multi-

222 765 383 811 tudine
419 776 730 824 conarentur,
768 767 924 829 plures
964 783 1017 812 ex
1053 768 1161 830 ipsis
1199 768 1393 831 plebeiis
1429 771 1529 815 caesi
1568 780 1613 816 et

221 843 449 888 vulnerati
473 844 687 900 fuerunt,
715 844 814 889 aliis
839 843 926 888 sibi
952 860 1035 905 per
1057 844 1214 905 sugam
1239 847 1608 893 consulentibus.

223 920 575 982 Intuleruntque
617 920 845 966 incendiis
879 930 925 966 et
962 921 1165 966 caedibus
1203 922 1375 968 damna
1412 924 1612 986 plurima

222 996 548 1059 hujuscemodi
577 997 821 1043 Alemanni
855 996 1127 1060 praedasque
1159 1014 1255 1042 non
1288 1014 1452 1061 parvas
1485 999 1614 1045 fece-

222 1083 347 1130 runt,
373 1074 449 1119 illa
473 1084 612 1136 atque
644 1075 783 1119 etiam
808 1074 976 1119 iterum
999 1074 1140 1118 altera
1163 1074 1289 1132 vice,
1319 1075 1364 1119 in
1389 1076 1612 1120 comitatu

224 1150 538 1212 Burgundiae'2.
580 1154 645 1196 lta
677 1151 806 1213 quod
844 1166 1013 1212 magna
1048 1150 1262 1212 profecto
1300 1150 1541 1197 infelicitas
1571 1161 1615 1196 et

222 1228 443 1288 angustiae
469 1227 624 1273 multae
654 1237 753 1273 tum
789 1227 1182 1289 Burgundionum
1206 1227 1401 1285 ducem,
1440 1238 1615 1274 terras-

223 1320 313 1366 que
337 1314 382 1350 et
404 1303 617 1350 subditos
639 1321 747 1350 suos
773 1303 1046 1350 atterebant.

289 1384 343 1425 Et
377 1381 504 1444 quod
537 1398 632 1426 non
669 1397 836 1444 parum
867 1380 1180 1427 calamitatem
1204 1381 1495 1443 adaugebat,
1530 1399 1616 1428 nec

223 1454 469 1510 nuntium,
508 1470 594 1500 nec
624 1454 871 1518 epistolas,
911 1470 968 1500 eo
995 1453 1124 1516 quod
1161 1453 1314 1499 aditus
1356 1471 1520 1500 omnes
1559 1455 1618 1501 ad

222 1530 475 1593 petendam
496 1531 813 1594 Burgundiam
836 1531 894 1576 ab
911 1531 1126 1577 hostibus
1145 1530 1321 1577 obsessi
1348 1541 1392 1577 et
1417 1531 1617 1578 obserati

224 1619 549 1666 servarentur,
594 1619 645 1655 ut
683 1609 751 1655 vel
795 1609 977 1655 animos
1018 1626 1213 1655 suorum
1254 1608 1534 1655 confirmare
1575 1619 1618 1654 et

224 1685 476 1742 consolari,
497 1687 567 1732 vel
587 1695 852 1749 opportuna
879 1686 943 1731 eis
967 1686 1161 1731 consilia
1185 1694 1264 1731 aut
1280 1685 1486 1731 subsidia
1509 1701 1621 1748 prae-

225 1759 336 1804 bere
365 1769 550 1822 posset,
589 1777 676 1805 nec
713 1760 790 1805 illo
822 1760 1004 1805 mittere
1025 1796 1035 1816 ‚
1068 1776 1155 1805 nec
1178 1760 1279 1804 vice
1309 1775 1439 1804 versa
1475 1760 1582 1804 inde
1606 1794 1618 1815 ,

225 1838 309 1882 nisi
340 1853 447 1882 cum
473 1838 687 1882 maximis
716 1837 932 1900 periculis
959 1846 1004 1882 et
1027 1835 1411 1894 difficultatibus,
1437 1844 1621 1898 poterat

225 1913 451 1977 accipere.
492 1914 584 1969 Qui
626 1913 751 1958 enim
796 1912 1087 1976 deprehendi
1123 1921 1369 1974 poterant,
1415 1928 1494 1956 seu
1542 1911 1620 1956 illo

226 1999 387 2034 euntes
410 2023 420 2040 ,
448 2006 527 2034 seu
558 1989 666 2034 inde
692 1999 974 2034 revertentes
994 2026 1003 2044 ,
1038 1988 1213 2049 absque
1243 1987 1335 2033 ulla
1360 1988 1622 2033 misericor—

229 2064 303 2110 dia
352 2064 640 2110 necabantur
690 2067 749 2110 ab
791 2064 1024 2109 hostibus.
1066 2063 1298 2109 Deficiens
1335 2064 1512 2126 quippe
1561 2064 1620 2110 ab

228 2141 324 2201 ejus
355 2141 556 2186 amicitia
592 2140 888 2202 Lotharingia
919 2157 1027 2186 cum
1054 2156 1138 2185 suo
1171 2140 1291 2186 duce
1310 2177 1320 2196 ,
1354 2156 1456 2202 quae
1480 2141 1622 2204 paulo

228 2228 336 2263 ante
366 2228 409 2263 et
437 2219 583 2264 amica
616 2228 659 2262 et
692 2218 848 2280 pervia
881 2218 974 2263 suis
1011 2217 1154 2263 libere
1183 2217 1436 2274 exstiterat,
1464 2218 1510 2262 in
1537 2218 1622 2264 has

230 2311 337 2340 eum
360 2305 499 2357 atque
520 2311 628 2340 suos
652 2293 963 2339 detrudebant
986 2295 1235 2356 angustias,
1255 2303 1498 2356 terrasque
1517 2312 1623 2341 suas

285 2456 321 2493 1.
352 2457 404 2490 Le
425 2453 572 2490 diocese
596 2452 641 2489 de
664 2456 870 2502 Besancon.

283 2513 321 2549 Ξ.
353 2516 475 2561 Ayant
510 2514 726 2549 commenee
756 2526 823 2562 par
855 2512 1018 2563 prendre
1050 2512 1224 2549 Blamont
1263 2525 1337 2549 aux
1369 2511 1549 2548 environs
1580 2511 1627 2549 de

231 2570 510 2619 Monfflelhard,
533 2571 576 2607 ils
597 2572 853 2608 s‘avancercnt
867 2571 1017 2621 jusqu’ii
1037 2571 1236 2608 Hericourt
1256 2570 1517 2617 (aujourd'liui
1535 2569 1627 2607 dans

232 2632 577 2670 l’arrondissement
597 2633 643 2669 de
668 2633 839 2681 Vesoul),
860 2635 909 2670 οὺ
929 2633 973 2670 ils
993 2632 1170 2670 battirent
1189 2633 1224 2670 la
1247 2632 1423 2670 noble-sse
1447 2634 1497 2669 du
1519 2644 1624 2681 payS.

234 2693 461 2739 Commines,
482 2693 506 2730 l.
528 2695 591 2739 IV,
613 2706 646 2730 c.
669 2706 712 2728 11.
