1923 3020
238 213 314 248 280
600 207 938 244 HISTORIARUM
967 206 1201 242 LUDOVICI
1228 208 1284 242 XI

240 309 433 364 propter
469 307 604 342 natos
638 294 736 356 jam
773 292 895 338 duos
930 291 1073 338 filios¹
1101 292 1228 339 fratri
1265 309 1350 338 suo
1381 309 1430 338 se
1452 293 1639 339 frustra-

240 387 338 422 tum
362 373 633 435 inspiceret,
659 369 787 434 apud
810 386 859 415 se
884 369 1130 416 revolvens
1163 370 1294 434 quod
1328 386 1425 415 non
1460 386 1642 432 aequam

240 452 346 497 satis
380 448 681 512 partitionem
713 456 852 509 atque
883 447 1150 509 portionem
1184 457 1323 493 tantae
1362 446 1644 492 haereditatis

238 545 265 574 a
298 528 436 572 fratre
476 526 755 588 accepisset,
793 523 958 569 dolore
989 524 1268 570 intrinsecus
1300 535 1473 570 tactum
1506 523 1646 568 fuisse

239 615 285 650 et
322 603 597 667 poenitentia
635 601 833 647 ductum
853 604 884 658 2,
916 600 1044 663 quod
1079 618 1168 665 pro
1198 601 1301 663 jure
1333 602 1421 647 sibi
1456 616 1648 664 compe-

240 681 383 739 tenti,
411 680 493 742 qui
530 680 694 725 unicus
717 694 968 740 germanus
996 688 1040 723 ct
1070 678 1281 725 cohaeres
1307 678 1433 724 fratri
1459 695 1545 723 suo
1572 694 1648 722 ex-

240 761 433 816 stiterat,
455 769 551 805 tam
574 775 773 823 parvum
800 758 915 821 quid
939 759 1207 822 accepisset,
1229 758 1360 821 quod
1378 759 1453 803 vix
1470 767 1648 803 sextan-

242 848 336 883 tem
355 837 497 883 totius
522 837 693 882 faceret
714 836 1008 881 haereditatis.

308 914 383 960 Ob
424 913 697 976 hujusmodi
738 913 878 976 igitur
917 929 1102 971 causas,
1144 929 1225 958 seu
1258 929 1420 957 earum
1453 912 1647 957 alteram

242 1002 323 1039 aut
360 992 522 1050 aliam,
547 1009 650 1054 quae
673 1008 760 1036 nos
782 991 1028 1053 hucusque
1054 990 1196 1035 latere
1230 990 1401 1052 potuit,
1424 1005 1451 1034 a
1476 989 1648 1036 foedere

243 1069 374 1132 quod
421 1085 530 1114 cum
568 1085 674 1130 rege
714 1077 1003 1132 percusserat
1034 1077 1287 1128 postquam
1316 1065 1650 1123 discessisset³,

246 1147 377 1193 factis
400 1147 573 1208 treugis
596 1163 705 1191 cum
735 1143 1124 1206 Burgundionum
1149 1143 1268 1188 duce
1289 1152 1439 1187 stante
1460 1143 1507 1186 in
1528 1141 1652 1187 obsi-

245 1224 389 1269 dione
427 1232 534 1267 ante
569 1222 875 1276 Ambianum,
903 1221 949 1265 in
980 1230 1124 1265 terras
1154 1235 1259 1264 suas
1298 1218 1557 1281 Aquitaniae
1586 1234 1653 1263 re-

247 1301 416 1358 dierat,
454 1301 687 1362 initoque,
721 1309 771 1344 ut
800 1298 1026 1357 diximus,
1052 1297 1225 1343 foedere
1252 1297 1510 1342 arctissimo
1543 1313 1650 1341 cum

246 1377 446 1423 ducibus
469 1376 748 1438 Burgundiae
772 1385 913 1438 atque
931 1375 1197 1432 Britanniae,
1219 1374 1360 1419 etiam
1378 1373 1494 1418 alios
1514 1389 1654 1435 quos-

248 1472 479 1517 cumque,
509 1455 581 1499 vel
616 1453 833 1498 subditos
869 1451 941 1497 vel
972 1452 1218 1508 finitimos,
1260 1451 1307 1495 in
1343 1450 1469 1495 idem
1503 1449 1653 1495 foedus

248 1530 480 1577 attrahere
504 1541 550 1576 et
581 1531 815 1576 advocare
847 1528 1125 1574 conabatur.
1154 1528 1289 1573 Unde
1324 1527 1546 1573 comitem
1572 1529 1657 1571 Ar-

250 1608 439 1653 miniaci
460 1616 622 1670 (Nquem
648 1625 725 1653 rex
749 1608 843 1652 suis
869 1607 999 1651 terris
1022 1614 1213 1651 exuerat
1235 1615 1374 1667 atque
1397 1603 1657 1649 nudaverat

250 1684 313 1730 ob
348 1684 551 1747 plurima
587 1701 671 1747 per
705 1701 814 1729 eum
850 1690 1030 1746 patrata
1066 1682 1241 1728 scelera
1273 1690 1318 1726 et
1350 1681 1495 1744 impie
1530 1690 1657 1742 gesta

250 1771 391 1824 atque
431 1761 649 1807 secedere
693 1762 739 1806 in
777 1760 1034 1823 quemdam
1080 1768 1318 1817 montem,
1362 1775 1513 1822 prope
1545 1760 1657 1803 Ara·

253 1840 465 1901 goniam,
493 1855 624 1903 paene
656 1838 1049 1884 inaccessil)ilem“
1073 1837 1388 1898 compulerat)
1419 1836 1476 1881 ad
1513 1844 1658 1881 terras

306 1980 343 2016 1.
364 1975 479 2014 Louis
496 1977 551 2012 XI
568 1981 645 2018 eut,
668 1974 779 2024 apres
796 1975 830 2011 le
851 1974 1020 2025 dauphin
1036 1974 1207 2020 Charles,
1225 1987 1277 2011 un
1297 1983 1406 2012 autre
1420 1973 1477 2010 fils
1498 1972 1549 2009 du
1569 1985 1658 2009 nom

253 2038 300 2075 de
320 2035 513 2085 Francois,
536 2034 601 2083 qui
629 2046 678 2069 ne
701 2033 810 2069 vecut
831 2034 969 2083 gnere,
996 2032 1089 2069 mais
1110 2033 1145 2069 le
1168 2032 1240 2069 duc
1263 2033 1309 2069 de
1329 2032 1502 2070 Guienne
1525 2044 1573 2067 ne
1592 2039 1660 2081 put

252 2110 320 2147 pas
339 2095 374 2131 le
394 2092 604 2136 connaitre,
626 2105 689 2129 car
709 2092 733 2129 il
770 2094 859 2130 e‘tait
889 2101 988 2130 mort
1019 2093 1154 2143 depuis
1182 2093 1371 2143 plusieurs
1391 2092 1485 2129 mois
1505 2092 1660 2142 lorsque

252 2163 311 2192 cet
331 2154 462 2190 ensant
476 2153 558 2189 vint
574 2166 623 2189 au
646 2152 799 2190 monde.

307 2215 345 2251 2.
377 2212 565 2247 Omission
586 2211 632 2247 dc
661 2212 829 2263 quelque
849 2212 963 2249 chose
994 2226 1141 2250 comme
1176 2213 1331 2249 libenter
1359 2213 1579 2247 crediderim
1594 2226 1607 2256 ,·
1634 2211 1659 2247 il

254 2274 333 2310 saut
365 2271 465 2308 alors
500 2270 669 2320 corriget·
702 2274 882 2307 revolvens
912 2284 981 2321 par
1013 2274 1249 2308 revoltvewlvm
1268 2300 1278 2316 ,
1311 2270 1402 2307 dans
1431 2270 1466 2306 Ie
1490 2268 1660 2306 membre

256 2332 302 2369 de
328 2331 468 2381 phrase
489 2329 706 2378 precedent,

312 2393 348 2427 3.
380 2393 616 2426 Diseussisse:
632 2399 829 2437 postquam
850 2389 943 2426 dans
964 2390 998 2427 le
1018 2403 1088 2427 ms.

309 2454 347 2487 4.
378 2451 437 2486 Un
456 2447 638 2484 mennon-e
656 2447 867 2493 justificatif
884 2449 934 2485 (lu
949 2458 1072 2486 comte
1090 2449 1357 2499 d'Armagnac,
1380 2449 1473 2485 dont
1487 2447 1659 2499 Legrand

256 2524 352 2547 nous
373 2523 394 2546 a
418 2507 600 2545 conserv‹'=r
628 2507 663 2543 lc
684 2516 783 2544 texte
805 2508 897 2548 dans
923 2522 990 2545 son
1013 2509 1169 2546 Recueil
1191 2522 1256 2545 sur
1274 2508 1388 2545 Louis
1406 2511 1461 2545 XI
1481 2507 1591 2558 (mss.
1615 2507 1660 2543 de

256 2572 289 2607 la
312 2569 408 2607 Bibt.
435 2570 527 2620 imp.
550 2571 603 2604 ad
620 2582 707 2603 amr.
734 2571 869 2613 1470),
893 2578 1024 2606 atteste
1041 2583 1116 2619 quc
1138 2572 1228 2605 c'est
1248 2572 1266 2605 ἐι
1288 2568 1513 2605 Fontarabie
1530 2576 1566 2605 et
1586 2579 1659 2603 non

255 2644 320 2666 sur
353 2630 388 2665 la
413 2628 593 2665 frontiere
623 2627 815 2677 d’Aragon
838 2640 912 2676 que
935 2641 976 2664 ce
1009 2641 1246 2677 personnage
1274 2640 1382 2677 passa
1409 2627 1442 2662 le
1475 2636 1594 2674 temps
1615 2624 1661 2660 de

256 2702 322 2725 son
342 2688 480 2725 second
501 2687 593 2733 exil,
618 2686 752 2737 depuis
772 2688 872 2722 1469
893 2686 1044 2736 jusqu'a
1066 2687 1100 2722 la
1122 2688 1170 2723 fin
1193 2686 1239 2722 de
1261 2689 1377 2723 1411.
