<?xml version="1.0" encoding="UTF-8"?>
<!DOCTYPE html PUBLIC "-//W3C//DTD XHTML 1.0 Transitional//EN"
    "http://www.w3.org/TR/xhtml1/DTD/xhtml1-transitional.dtd">
<html xmlns="http://www.w3.org/1999/xhtml" xml:lang="en" lang="en">
 <head>
  <title>
</title>
<meta http-equiv="Content-Type" content="text/html;charset=utf-8" />
  <meta name='ocr-system' content='tesseract 3.04.00' />
  <meta name='ocr-capabilities' content='ocr_page ocr_carea ocr_par ocr_line ocrx_word'/>
</head>
<body>
  <div class='ocr_page' id='page_1' title='image "./histoiredesrgn02basi_0191.png"; bbox 0 0 1923 3020; ppageno 0'>
   <div class='ocr_carea' id='block_1_1' title="bbox 716 294 1629 334">
    <p class='ocr_par' dir='ltr' id='par_1_1' title="bbox 716 294 1629 334">
     <span class='ocr_line' id='line_1_1' title="bbox 716 294 1629 334; baseline -0.007 0"><span class='ocrx_word' id='word_1_1' title='bbox 716 298 860 334; x_wconf 85' lang='lat' dir='ltr'>LIBER</span> <span class='ocrx_word' id='word_1_2' title='bbox 899 296 1161 333; x_wconf 88' lang='lat' dir='ltr'>SECUNDUS.</span> <span class='ocrx_word' id='word_1_3' title='bbox 1560 294 1575 328; x_wconf 76' lang='lat'>4</span> <span class='ocrx_word' id='word_1_4' title='bbox 1587 294 1629 328; x_wconf 82' lang='lat'>11</span> 
     </span>
    </p>
   </div>
   <div class='ocr_carea' id='block_1_2' title="bbox 231 382 1694 2816">
    <p class='ocr_par' dir='ltr' id='par_1_2' title="bbox 231 382 1694 2816">
     <span class='ocr_line' id='line_1_2' title="bbox 241 382 1635 450; baseline -0.003 -19"><span class='ocrx_word' id='word_1_5' title='bbox 241 386 379 432; x_wconf 85' lang='lat' dir='ltr'>rebus</span> <span class='ocrx_word' id='word_1_6' title='bbox 411 386 588 450; x_wconf 80' lang='lat' dir='ltr'>absque</span> <span class='ocrx_word' id='word_1_7' title='bbox 619 386 800 431; x_wconf 84' lang='lat' dir='ltr'>ratione</span> <span class='ocrx_word' id='word_1_8' title='bbox 832 402 994 447; x_wconf 71' lang='lat' dir='ltr'>agere,</span> <span class='ocrx_word' id='word_1_9' title='bbox 1040 384 1255 430; x_wconf 87' lang='lat' dir='ltr'>mulieres</span> <span class='ocrx_word' id='word_1_10' title='bbox 1284 382 1467 428; x_wconf 89' lang='lat' dir='ltr'>nobiles</span> <span class='ocrx_word' id='word_1_11' title='bbox 1496 392 1635 442; x_wconf 80' lang='lat' dir='ltr'>atque</span> 
     </span>
     <span class='ocr_line' id='line_1_3' title="bbox 242 461 1632 526; baseline -0.003 -18"><span class='ocrx_word' id='word_1_12' title='bbox 242 463 497 526; x_wconf 85' lang='lat' dir='ltr'>ignobiles,</span> <span class='ocrx_word' id='word_1_13' title='bbox 542 472 705 508; x_wconf 89' lang='lat' dir='ltr'>contra</span> <span class='ocrx_word' id='word_1_14' title='bbox 744 478 876 507; x_wconf 87' lang='lat' dir='ltr'>suam</span> <span class='ocrx_word' id='word_1_15' title='bbox 923 471 967 507; x_wconf 87' lang='lat' dir='ltr'>et</span> <span class='ocrx_word' id='word_1_16' title='bbox 1014 470 1261 523; x_wconf 86' lang='lat' dir='ltr'>parentum</span> <span class='ocrx_word' id='word_1_17' title='bbox 1306 461 1599 505; x_wconf 85' lang='lat' dir='ltr'>voluntatem</span> <span class='ocrx_word' id='word_1_18' title='bbox 1621 495 1632 517; x_wconf 97' lang='lat'>,</span> 
     </span>
     <span class='ocr_line' id='line_1_4' title="bbox 242 536 1638 601; baseline -0.003 -17"><span class='ocrx_word' id='word_1_19' title='bbox 242 539 618 601; x_wconf 84' lang='lat' dir='ltr'>quibuscumque</span> <span class='ocrx_word' id='word_1_20' title='bbox 636 539 760 596; x_wconf 82' lang='lat' dir='ltr'>velit,</span> <span class='ocrx_word' id='word_1_21' title='bbox 788 547 952 583; x_wconf 90' lang='lat' dir='ltr'>contra</span> <span class='ocrx_word' id='word_1_22' title='bbox 974 554 1114 582; x_wconf 87' lang='lat' dir='ltr'>omne</span> <span class='ocrx_word' id='word_1_23' title='bbox 1134 537 1207 597; x_wconf 90' lang='lat' dir='ltr'>jus</span> <span class='ocrx_word' id='word_1_24' title='bbox 1227 546 1271 581; x_wconf 89' lang='lat' dir='ltr'>et</span> <span class='ocrx_word' id='word_1_25' title='bbox 1293 536 1358 580; x_wconf 82' lang='lat' dir='ltr'>sas</span> <span class='ocrx_word' id='word_1_26' title='bbox 1379 536 1437 581; x_wconf 84' lang='lat' dir='ltr'>ad</span> <span class='ocrx_word' id='word_1_27' title='bbox 1460 536 1638 581; x_wconf 83' lang='lat' dir='ltr'>nuben-</span> 
     </span>
     <span class='ocr_line' id='line_1_5' title="bbox 243 612 1634 676; baseline -0.001 -17"><span class='ocrx_word' id='word_1_28' title='bbox 243 615 360 660; x_wconf 91' lang='lat' dir='ltr'>dum</span> <span class='ocrx_word' id='word_1_29' title='bbox 405 614 686 676; x_wconf 77' lang='lat' dir='ltr'>compellere</span> <span class='ocrx_word' id='word_1_30' title='bbox 715 651 725 669; x_wconf 89' lang='lat'>‚</span> <span class='ocrx_word' id='word_1_31' title='bbox 776 624 820 659; x_wconf 89' lang='lat' dir='ltr'>et</span> <span class='ocrx_word' id='word_1_32' title='bbox 864 613 1135 674; x_wconf 76' lang='lat' dir='ltr'>generaliter</span> <span class='ocrx_word' id='word_1_33' title='bbox 1175 628 1339 657; x_wconf 83' lang='lat' dir='ltr'>omnes</span> <span class='ocrx_word' id='word_1_34' title='bbox 1390 612 1602 657; x_wconf 86' lang='lat' dir='ltr'>subditos</span> <span class='ocrx_word' id='word_1_35' title='bbox 1623 648 1634 667; x_wconf 94' lang='lat'>,</span> 
     </span>
     <span class='ocr_line' id='line_1_6' title="bbox 243 688 1638 752; baseline -0.001 -16"><span class='ocrx_word' id='word_1_36' title='bbox 243 691 463 752; x_wconf 88' lang='lat' dir='ltr'>adempta</span> <span class='ocrx_word' id='word_1_37' title='bbox 492 691 556 734; x_wconf 88' lang='lat' dir='ltr'>eis</span> <span class='ocrx_word' id='word_1_38' title='bbox 584 706 776 752; x_wconf 87' lang='lat' dir='ltr'>prorsus</span> <span class='ocrx_word' id='word_1_39' title='bbox 807 690 937 734; x_wconf 91' lang='lat' dir='ltr'>omni</span> <span class='ocrx_word' id='word_1_40' title='bbox 962 688 1172 733; x_wconf 83' lang='lat' dir='ltr'>libertate</span> <span class='ocrx_word' id='word_1_41' title='bbox 1191 726 1202 745; x_wconf 90' lang='lat'>,</span> <span class='ocrx_word' id='word_1_42' title='bbox 1237 690 1281 733; x_wconf 86' lang='lat' dir='ltr'>in</span> <span class='ocrx_word' id='word_1_43' title='bbox 1311 689 1543 733; x_wconf 80' lang='lat' dir='ltr'>miseriam</span> <span class='ocrx_word' id='word_1_44' title='bbox 1570 704 1638 734; x_wconf 87' lang='lat' dir='ltr'>re-</span> 
     </span>
     <span class='ocr_line' id='line_1_7' title="bbox 243 764 1634 829; baseline -0.001 -18"><span class='ocrx_word' id='word_1_45' title='bbox 243 767 400 828; x_wconf 85' lang='lat' dir='ltr'>digere</span> <span class='ocrx_word' id='word_1_46' title='bbox 421 775 468 811; x_wconf 89' lang='lat' dir='ltr'>et</span> <span class='ocrx_word' id='word_1_47' title='bbox 497 766 786 829; x_wconf 62' lang='lat' dir='ltr'>se1·x⁷ittiten];</span> <span class='ocrx_word' id='word_1_48' title='bbox 818 765 932 811; x_wconf 87' lang='lat' dir='ltr'>nulli</span> <span class='ocrx_word' id='word_1_49' title='bbox 954 780 1053 809; x_wconf 81' lang='lat' dir='ltr'>rem</span> <span class='ocrx_word' id='word_1_50' title='bbox 1076 764 1280 826; x_wconf 83' lang='lat' dir='ltr'>aliquam</span> <span class='ocrx_word' id='word_1_51' title='bbox 1297 801 1307 821; x_wconf 92' lang='lat'>,</span> <span class='ocrx_word' id='word_1_52' title='bbox 1335 765 1462 809; x_wconf 69' lang='lat' dir='ltr'>velut</span> <span class='ocrx_word' id='word_1_53' title='bbox 1484 781 1634 817; x_wconf 88' lang='lat' dir='ltr'>suam,</span> 
     </span>
     <span class='ocr_line' id='line_1_8' title="bbox 243 841 1638 904; baseline -0.001 -18"><span class='ocrx_word' id='word_1_54' title='bbox 243 841 449 887; x_wconf 88' lang='lat' dir='ltr'>habendi</span> <span class='ocrx_word' id='word_1_55' title='bbox 471 857 525 886; x_wconf 89' lang='lat' dir='ltr'>ac</span> <span class='ocrx_word' id='word_1_56' title='bbox 547 842 817 904; x_wconf 88' lang='lat' dir='ltr'>possidendi</span> <span class='ocrx_word' id='word_1_57' title='bbox 837 879 847 900; x_wconf 97' lang='lat'>,</span> <span class='ocrx_word' id='word_1_58' title='bbox 888 841 975 886; x_wconf 89' lang='lat' dir='ltr'>nisi</span> <span class='ocrx_word' id='word_1_59' title='bbox 1007 850 1238 902; x_wconf 87' lang='lat' dir='ltr'>quatenus</span> <span class='ocrx_word' id='word_1_60' title='bbox 1258 842 1299 886; x_wconf 89' lang='lat' dir='ltr'>ei</span> <span class='ocrx_word' id='word_1_61' title='bbox 1323 841 1530 894; x_wconf 82' lang='lat' dir='ltr'>libuerit,</span> <span class='ocrx_word' id='word_1_62' title='bbox 1569 857 1638 886; x_wconf 92' lang='lat' dir='ltr'>re-</span> 
     </span>
     <span class='ocr_line' id='line_1_9' title="bbox 242 915 1634 980; baseline -0.001 -18"><span class='ocrx_word' id='word_1_63' title='bbox 242 918 349 963; x_wconf 85' lang='lat' dir='ltr'>licta</span> <span class='ocrx_word' id='word_1_64' title='bbox 384 917 599 973; x_wconf 87' lang='lat' dir='ltr'>licentia,</span> <span class='ocrx_word' id='word_1_65' title='bbox 637 927 707 972; x_wconf 90' lang='lat' dir='ltr'>et,</span> <span class='ocrx_word' id='word_1_66' title='bbox 744 928 793 963; x_wconf 86' lang='lat' dir='ltr'>ut</span> <span class='ocrx_word' id='word_1_67' title='bbox 830 918 986 980; x_wconf 82' lang='lat' dir='ltr'>paucis</span> <span class='ocrx_word' id='word_1_68' title='bbox 1024 915 1170 961; x_wconf 89' lang='lat' dir='ltr'>multa</span> <span class='ocrx_word' id='word_1_69' title='bbox 1203 917 1602 979; x_wconf 87' lang='lat' dir='ltr'>comprehendam</span> <span class='ocrx_word' id='word_1_70' title='bbox 1623 954 1634 975; x_wconf 94' lang='lat'>,</span> 
     </span>
     <span class='ocr_line' id='line_1_10' title="bbox 243 992 1637 1055; baseline 0 -16"><span class='ocrx_word' id='word_1_71' title='bbox 243 994 361 1039; x_wconf 85' lang='lat' dir='ltr'>velle</span> <span class='ocrx_word' id='word_1_72' title='bbox 384 1010 573 1039; x_wconf 88' lang='lat' dir='ltr'>omnem</span> <span class='ocrx_word' id='word_1_73' title='bbox 595 994 819 1055; x_wconf 83' lang='lat' dir='ltr'>gradum,</span> <span class='ocrx_word' id='word_1_74' title='bbox 850 1003 1022 1039; x_wconf 88' lang='lat' dir='ltr'>statum</span> <span class='ocrx_word' id='word_1_75' title='bbox 1046 1002 1184 1054; x_wconf 84' lang='lat' dir='ltr'>atque</span> <span class='ocrx_word' id='word_1_76' title='bbox 1205 992 1421 1038; x_wconf 88' lang='lat' dir='ltr'>ordinem</span> <span class='ocrx_word' id='word_1_77' title='bbox 1440 1031 1449 1048; x_wconf 82' lang='lat'>,</span> <span class='ocrx_word' id='word_1_78' title='bbox 1477 1010 1637 1039; x_wconf 77' lang='lat' dir='ltr'>sexum</span> 
     </span>
     <span class='ocr_line' id='line_1_11' title="bbox 243 1070 1638 1131; baseline 0.001 -16"><span class='ocrx_word' id='word_1_79' title='bbox 243 1080 287 1115; x_wconf 89' lang='lat' dir='ltr'>et</span> <span class='ocrx_word' id='word_1_80' title='bbox 312 1079 495 1115; x_wconf 84' lang='lat' dir='ltr'>aetatem</span> <span class='ocrx_word' id='word_1_81' title='bbox 524 1071 664 1115; x_wconf 87' lang='lat' dir='ltr'>totius</span> <span class='ocrx_word' id='word_1_82' title='bbox 695 1070 895 1131; x_wconf 82' lang='lat' dir='ltr'>regionis</span> <span class='ocrx_word' id='word_1_83' title='bbox 919 1070 1134 1114; x_wconf 85' lang='lat' dir='ltr'>omnium</span> <span class='ocrx_word' id='word_1_84' title='bbox 1157 1070 1467 1127; x_wconf 89' lang='lat' dir='ltr'>miseriarum,</span> <span class='ocrx_word' id='word_1_85' title='bbox 1496 1072 1638 1116; x_wconf 87' lang='lat' dir='ltr'>servi·</span> 
     </span>
     <span class='ocr_line' id='line_1_12' title="bbox 244 1145 1634 1208; baseline 0.001 -17"><span class='ocrx_word' id='word_1_86' title='bbox 244 1155 397 1191; x_wconf 91' lang='lat' dir='ltr'>tutum</span> <span class='ocrx_word' id='word_1_87' title='bbox 411 1156 455 1191; x_wconf 91' lang='lat' dir='ltr'>et</span> <span class='ocrx_word' id='word_1_88' title='bbox 469 1145 702 1191; x_wconf 90' lang='lat' dir='ltr'>bellorum</span> <span class='ocrx_word' id='word_1_89' title='bbox 718 1145 1056 1192; x_wconf 76' lang='lat' dir='ltr'>calamitatibus</span> <span class='ocrx_word' id='word_1_90' title='bbox 1073 1145 1308 1208; x_wconf 86' lang='lat' dir='ltr'>complere</span> <span class='ocrx_word' id='word_1_91' title='bbox 1326 1156 1369 1190; x_wconf 85' lang='lat' dir='ltr'>et</span> <span class='ocrx_word' id='word_1_92' title='bbox 1387 1146 1634 1205; x_wconf 79' lang='lat' dir='ltr'>conficere,</span> 
     </span>
     <span class='ocr_line' id='line_1_13' title="bbox 245 1222 1639 1284; baseline 0.001 -18"><span class='ocrx_word' id='word_1_93' title='bbox 245 1230 382 1284; x_wconf 86' lang='lat' dir='ltr'>atque</span> <span class='ocrx_word' id='word_1_94' title='bbox 410 1239 573 1266; x_wconf 89' lang='lat' dir='ltr'>omnes</span> <span class='ocrx_word' id='word_1_95' title='bbox 591 1257 601 1275; x_wconf 91' lang='lat'>,</span> <span class='ocrx_word' id='word_1_96' title='bbox 637 1223 808 1284; x_wconf 82' lang='lat' dir='ltr'>passini</span> <span class='ocrx_word' id='word_1_97' title='bbox 836 1231 881 1267; x_wconf 86' lang='lat' dir='ltr'>et</span> <span class='ocrx_word' id='word_1_98' title='bbox 913 1223 1010 1267; x_wconf 88' lang='lat' dir='ltr'>sine</span> <span class='ocrx_word' id='word_1_99' title='bbox 1033 1222 1243 1281; x_wconf 88' lang='lat' dir='ltr'>delectu,</span> <span class='ocrx_word' id='word_1_100' title='bbox 1271 1239 1357 1284; x_wconf 86' lang='lat' dir='ltr'>pro</span> <span class='ocrx_word' id='word_1_101' title='bbox 1385 1222 1485 1267; x_wconf 89' lang='lat' dir='ltr'>solo</span> <span class='ocrx_word' id='word_1_102' title='bbox 1522 1233 1639 1268; x_wconf 86' lang='lat' dir='ltr'>nutu</span> 
     </span>
     <span class='ocr_line' id='line_1_14' title="bbox 243 1298 1640 1362; baseline 0.001 -18"><span class='ocrx_word' id='word_1_103' title='bbox 243 1298 316 1344; x_wconf 88' lang='lat' dir='ltr'>vel</span> <span class='ocrx_word' id='word_1_104' title='bbox 330 1299 641 1345; x_wconf 67' lang='lat' dir='ltr'>nefandorum</span> <span class='ocrx_word' id='word_1_105' title='bbox 654 1299 898 1344; x_wconf 81' lang='lat' dir='ltr'>satellitum</span> <span class='ocrx_word' id='word_1_106' title='bbox 918 1316 1000 1344; x_wconf 85' lang='lat' dir='ltr'>seu</span> <span class='ocrx_word' id='word_1_107' title='bbox 1014 1300 1291 1362; x_wconf 85' lang='lat' dir='ltr'>stipatorum</span> <span class='ocrx_word' id='word_1_108' title='bbox 1306 1316 1499 1345; x_wconf 81' lang='lat' dir='ltr'>suorum</span> <span class='ocrx_word' id='word_1_109' title='bbox 1518 1300 1640 1346; x_wconf 89' lang='lat' dir='ltr'>desi-</span> 
     </span>
     <span class='ocr_line' id='line_1_15' title="bbox 244 1376 1640 1440; baseline 0.001 -18"><span class='ocrx_word' id='word_1_110' title='bbox 244 1377 377 1422; x_wconf 89' lang='lat' dir='ltr'>derio</span> <span class='ocrx_word' id='word_1_111' title='bbox 396 1387 441 1422; x_wconf 86' lang='lat' dir='ltr'>et</span> <span class='ocrx_word' id='word_1_112' title='bbox 460 1377 745 1440; x_wconf 86' lang='lat' dir='ltr'>impiissimis</span> <span class='ocrx_word' id='word_1_113' title='bbox 762 1376 1100 1433; x_wconf 87' lang='lat' dir='ltr'>voluntatibus,</span> <span class='ocrx_word' id='word_1_114' title='bbox 1126 1376 1410 1439; x_wconf 78' lang='lat' dir='ltr'>opprimere,</span> <span class='ocrx_word' id='word_1_115' title='bbox 1429 1378 1640 1424; x_wconf 89' lang='lat' dir='ltr'>cruciati-</span> 
     </span>
     <span class='ocr_line' id='line_1_16' title="bbox 244 1452 1638 1516; baseline 0.001 -18"><span class='ocrx_word' id='word_1_116' title='bbox 244 1452 332 1498; x_wconf 86' lang='lat' dir='ltr'>bus</span> <span class='ocrx_word' id='word_1_117' title='bbox 346 1454 660 1516; x_wconf 86' lang='lat' dir='ltr'>etsuppliciis,</span> <span class='ocrx_word' id='word_1_118' title='bbox 695 1454 825 1497; x_wconf 85' lang='lat' dir='ltr'>omni</span> <span class='ocrx_word' id='word_1_119' title='bbox 842 1454 958 1514; x_wconf 85' lang='lat' dir='ltr'>juris</span> <span class='ocrx_word' id='word_1_120' title='bbox 976 1453 1141 1499; x_wconf 88' lang='lat' dir='ltr'>ordine</span> <span class='ocrx_word' id='word_1_121' title='bbox 1160 1454 1469 1516; x_wconf 86' lang='lat' dir='ltr'>praetermisso</span> <span class='ocrx_word' id='word_1_122' title='bbox 1499 1464 1638 1516; x_wconf 85' lang='lat' dir='ltr'>atque</span> 
     </span>
     <span class='ocr_line' id='line_1_17' title="bbox 245 1529 1639 1594; baseline 0.001 -20"><span class='ocrx_word' id='word_1_123' title='bbox 245 1529 475 1591; x_wconf 88' lang='lat' dir='ltr'>neglecto,</span> <span class='ocrx_word' id='word_1_124' title='bbox 506 1530 689 1574; x_wconf 77' lang='lat' dir='ltr'>afficere</span> <span class='ocrx_word' id='word_1_125' title='bbox 715 1547 723 1572; x_wconf 75' lang='grc' dir='ltr'>ε</span> <span class='ocrx_word' id='word_1_126' title='bbox 757 1546 856 1587; x_wconf 91' lang='lat' dir='ltr'>cur,</span> <span class='ocrx_word' id='word_1_127' title='bbox 882 1530 1092 1590; x_wconf 85' lang='lat' dir='ltr'>inquam,</span> <span class='ocrx_word' id='word_1_128' title='bbox 1121 1546 1216 1574; x_wconf 84' lang='lat' dir='ltr'>nou</span> <span class='ocrx_word' id='word_1_129' title='bbox 1246 1539 1503 1592; x_wconf 87' lang='lat' dir='ltr'>potuerunt</span> <span class='ocrx_word' id='word_1_130' title='bbox 1529 1548 1639 1594; x_wconf 89' lang='lat' dir='ltr'>pro-</span> 
     </span>
     <span class='ocr_line' id='line_1_18' title="bbox 245 1605 1640 1668; baseline 0.001 -17"><span class='ocrx_word' id='word_1_131' title='bbox 245 1622 372 1651; x_wconf 88' lang='lat' dir='ltr'>ceres</span> <span class='ocrx_word' id='word_1_132' title='bbox 396 1615 442 1651; x_wconf 86' lang='lat' dir='ltr'>et</span> <span class='ocrx_word' id='word_1_133' title='bbox 464 1606 664 1667; x_wconf 84' lang='lat' dir='ltr'>majores</span> <span class='ocrx_word' id='word_1_134' title='bbox 687 1606 817 1666; x_wconf 86' lang='lat' dir='ltr'>regni</span> <span class='ocrx_word' id='word_1_135' title='bbox 843 1606 889 1649; x_wconf 91' lang='lat' dir='ltr'>in</span> <span class='ocrx_word' id='word_1_136' title='bbox 919 1614 1046 1650; x_wconf 87' lang='lat' dir='ltr'>tanta</span> <span class='ocrx_word' id='word_1_137' title='bbox 1079 1605 1345 1668; x_wconf 64' lang='lat' dir='ltr'>reipublicae</span> <span class='ocrx_word' id='word_1_138' title='bbox 1380 1608 1640 1654; x_wconf 84' lang='lat' dir='ltr'>vastatione</span> 
     </span>
     <span class='ocr_line' id='line_1_19' title="bbox 247 1682 1640 1743; baseline 0.003 -17"><span class='ocrx_word' id='word_1_139' title='bbox 247 1692 291 1727; x_wconf 88' lang='lat' dir='ltr'>et</span> <span class='ocrx_word' id='word_1_140' title='bbox 313 1682 631 1738; x_wconf 83' lang='lat' dir='ltr'>desolatione,</span> <span class='ocrx_word' id='word_1_141' title='bbox 672 1698 759 1743; x_wconf 86' lang='lat' dir='ltr'>pro</span> <span class='ocrx_word' id='word_1_142' title='bbox 784 1682 1025 1726; x_wconf 89' lang='lat' dir='ltr'>communi</span> <span class='ocrx_word' id='word_1_143' title='bbox 1051 1682 1224 1739; x_wconf 86' lang='lat' dir='ltr'>salute,</span> <span class='ocrx_word' id='word_1_144' title='bbox 1263 1693 1307 1727; x_wconf 83' lang='lat' dir='ltr'>et</span> <span class='ocrx_word' id='word_1_145' title='bbox 1336 1683 1395 1727; x_wconf 87' lang='lat' dir='ltr'>ad</span> <span class='ocrx_word' id='word_1_146' title='bbox 1428 1683 1640 1730; x_wconf 88' lang='lat' dir='ltr'>dandum</span> 
     </span>
     <span class='ocr_line' id='line_1_20' title="bbox 246 1757 1641 1819; baseline 0.002 -16"><span class='ocrx_word' id='word_1_147' title='bbox 246 1759 385 1803; x_wconf 85' lang='lat' dir='ltr'>tantis</span> <span class='ocrx_word' id='word_1_148' title='bbox 409 1758 540 1803; x_wconf 89' lang='lat' dir='ltr'>malis</span> <span class='ocrx_word' id='word_1_149' title='bbox 565 1767 609 1802; x_wconf 87' lang='lat' dir='ltr'>et</span> <span class='ocrx_word' id='word_1_150' title='bbox 632 1757 732 1803; x_wconf 86' lang='lat' dir='ltr'>aliis</span> <span class='ocrx_word' id='word_1_151' title='bbox 751 1793 761 1813; x_wconf 93' lang='lat'>,</span> <span class='ocrx_word' id='word_1_152' title='bbox 797 1774 900 1819; x_wconf 81' lang='lat' dir='ltr'>quae</span> <span class='ocrx_word' id='word_1_153' title='bbox 931 1758 1005 1802; x_wconf 82' lang='lat' dir='ltr'>vix</span> <span class='ocrx_word' id='word_1_154' title='bbox 1038 1758 1131 1804; x_wconf 87' lang='lat' dir='ltr'>ulla</span> <span class='ocrx_word' id='word_1_155' title='bbox 1159 1759 1426 1804; x_wconf 85' lang='lat' dir='ltr'>elocutione</span> <span class='ocrx_word' id='word_1_156' title='bbox 1462 1761 1641 1806; x_wconf 86' lang='lat' dir='ltr'>narrari</span> 
     </span>
     <span class='ocr_line' id='line_1_21' title="bbox 246 1834 1636 1898; baseline 0.001 -18"><span class='ocrx_word' id='word_1_157' title='bbox 246 1845 454 1898; x_wconf 85' lang='lat' dir='ltr'>possent,</span> <span class='ocrx_word' id='word_1_158' title='bbox 475 1834 697 1892; x_wconf 88' lang='lat' dir='ltr'>remedia,</span> <span class='ocrx_word' id='word_1_159' title='bbox 715 1850 763 1879; x_wconf 91' lang='lat' dir='ltr'>se</span> <span class='ocrx_word' id='word_1_160' title='bbox 781 1834 997 1895; x_wconf 82' lang='lat' dir='ltr'>colligere</span> <span class='ocrx_word' id='word_1_161' title='bbox 1020 1835 1067 1879; x_wconf 92' lang='lat' dir='ltr'>in</span> <span class='ocrx_word' id='word_1_162' title='bbox 1092 1852 1240 1879; x_wconf 89' lang='lat' dir='ltr'>unum</span> <span class='ocrx_word' id='word_1_163' title='bbox 1266 1845 1311 1880; x_wconf 87' lang='lat' dir='ltr'>et</span> <span class='ocrx_word' id='word_1_164' title='bbox 1333 1852 1636 1897; x_wconf 84' lang='lat' dir='ltr'>congregare,</span> 
     </span>
     <span class='ocr_line' id='line_1_22' title="bbox 247 1911 1636 1975; baseline 0.001 -18"><span class='ocrx_word' id='word_1_165' title='bbox 247 1922 292 1957; x_wconf 88' lang='lat' dir='ltr'>et</span> <span class='ocrx_word' id='word_1_166' title='bbox 315 1913 568 1975; x_wconf 83' lang='lat' dir='ltr'>pessimum</span> <span class='ocrx_word' id='word_1_167' title='bbox 592 1920 826 1973; x_wconf 86' lang='lat' dir='ltr'>regentem</span> <span class='ocrx_word' id='word_1_168' title='bbox 851 1911 1133 1973; x_wconf 86' lang='lat' dir='ltr'>compellere</span> <span class='ocrx_word' id='word_1_169' title='bbox 1157 1921 1202 1957; x_wconf 89' lang='lat' dir='ltr'>et</span> <span class='ocrx_word' id='word_1_170' title='bbox 1231 1912 1486 1958; x_wconf 82' lang='lat' dir='ltr'>admonere</span> <span class='ocrx_word' id='word_1_171' title='bbox 1505 1948 1514 1964; x_wconf 87' lang='lat'>‚</span> <span class='ocrx_word' id='word_1_172' title='bbox 1556 1923 1605 1958; x_wconf 85' lang='lat' dir='ltr'>ut</span> <span class='ocrx_word' id='word_1_173' title='bbox 1625 1950 1636 1970; x_wconf 95' lang='lat'>,</span> 
     </span>
     <span class='ocr_line' id='line_1_23' title="bbox 247 1987 1640 2048; baseline 0.001 -15"><span class='ocrx_word' id='word_1_174' title='bbox 247 2004 274 2033; x_wconf 89' lang='lat' dir='ltr'>a</span> <span class='ocrx_word' id='word_1_175' title='bbox 295 1990 435 2033; x_wconf 86' lang='lat' dir='ltr'>tantis</span> <span class='ocrx_word' id='word_1_176' title='bbox 459 1988 684 2033; x_wconf 88' lang='lat' dir='ltr'>desistens</span> <span class='ocrx_word' id='word_1_177' title='bbox 704 1987 853 2040; x_wconf 86' lang='lat' dir='ltr'>malis,</span> <span class='ocrx_word' id='word_1_178' title='bbox 882 1987 1042 2032; x_wconf 88' lang='lat' dir='ltr'>debito</span> <span class='ocrx_word' id='word_1_179' title='bbox 1061 1988 1227 2033; x_wconf 87' lang='lat' dir='ltr'>ordine</span> <span class='ocrx_word' id='word_1_180' title='bbox 1243 1988 1444 2048; x_wconf 59' lang='lat' dir='ltr'>justitiae,</span> <span class='ocrx_word' id='word_1_181' title='bbox 1474 2005 1640 2034; x_wconf 88' lang='lat' dir='ltr'>secun-</span> 
     </span>
     <span class='ocr_line' id='line_1_24' title="bbox 248 2064 1639 2126; baseline 0.001 -16"><span class='ocrx_word' id='word_1_182' title='bbox 248 2065 363 2110; x_wconf 90' lang='lat' dir='ltr'>dum</span> <span class='ocrx_word' id='word_1_183' title='bbox 395 2065 577 2110; x_wconf 84' lang='lat' dir='ltr'>divinas</span> <span class='ocrx_word' id='word_1_184' title='bbox 601 2074 645 2110; x_wconf 87' lang='lat' dir='ltr'>et</span> <span class='ocrx_word' id='word_1_185' title='bbox 667 2064 895 2108; x_wconf 83' lang='lat' dir='ltr'>humanas</span> <span class='ocrx_word' id='word_1_186' title='bbox 918 2064 1041 2125; x_wconf 87' lang='lat' dir='ltr'>leges</span> <span class='ocrx_word' id='word_1_187' title='bbox 1076 2074 1215 2126; x_wconf 88' lang='lat' dir='ltr'>atque</span> <span class='ocrx_word' id='word_1_188' title='bbox 1242 2065 1498 2111; x_wconf 82' lang='lat' dir='ltr'>laudabiles</span> <span class='ocrx_word' id='word_1_189' title='bbox 1524 2084 1639 2112; x_wconf 89' lang='lat' dir='ltr'>con-</span> 
     </span>
     <span class='ocr_line' id='line_1_25' title="bbox 249 2139 1640 2203; baseline 0.002 -17"><span class='ocrx_word' id='word_1_190' title='bbox 249 2141 544 2197; x_wconf 88' lang='lat' dir='ltr'>suetudines,</span> <span class='ocrx_word' id='word_1_191' title='bbox 582 2139 918 2203; x_wconf 83' lang='lat' dir='ltr'>rempublicam</span> <span class='ocrx_word' id='word_1_192' title='bbox 946 2141 1217 2186; x_wconf 84' lang='lat' dir='ltr'>moderetur</span> <span class='ocrx_word' id='word_1_193' title='bbox 1243 2150 1287 2186; x_wconf 89' lang='lat' dir='ltr'>et</span> <span class='ocrx_word' id='word_1_194' title='bbox 1310 2152 1465 2203; x_wconf 81' lang='lat' dir='ltr'>regat,</span> <span class='ocrx_word' id='word_1_195' title='bbox 1504 2153 1640 2190; x_wconf 87' lang='lat' dir='ltr'>utens</span> 
     </span>
     <span class='ocr_line' id='line_1_26' title="bbox 249 2216 1641 2279; baseline 0.002 -17"><span class='ocrx_word' id='word_1_196' title='bbox 249 2217 444 2263; x_wconf 89' lang='lat' dir='ltr'>consilio</span> <span class='ocrx_word' id='word_1_197' title='bbox 468 2218 677 2262; x_wconf 63' lang='lat' dir='ltr'>virorum</span> <span class='ocrx_word' id='word_1_198' title='bbox 700 2216 961 2279; x_wconf 83' lang='lat' dir='ltr'>potentium</span> <span class='ocrx_word' id='word_1_199' title='bbox 985 2225 1029 2260; x_wconf 86' lang='lat' dir='ltr'>et</span> <span class='ocrx_word' id='word_1_200' title='bbox 1049 2217 1354 2279; x_wconf 86' lang='lat' dir='ltr'>sapientium,</span> <span class='ocrx_word' id='word_1_201' title='bbox 1386 2218 1557 2279; x_wconf 87' lang='lat' dir='ltr'>quibus</span> <span class='ocrx_word' id='word_1_202' title='bbox 1583 2220 1641 2265; x_wconf 87' lang='lat' dir='ltr'>sit</span> 
     </span>
     <span class='ocr_line' id='line_1_27' title="bbox 249 2282 1642 2356; baseline 0.002 -17"><span class='ocrx_word' id='word_1_203' title='bbox 249 2294 334 2339; x_wconf 91' lang='lat' dir='ltr'>Dei</span> <span class='ocrx_word' id='word_1_204' title='bbox 366 2282 533 2351; x_wconf 86' lang='lat' dir='ltr'>timor,</span> <span class='ocrx_word' id='word_1_205' title='bbox 574 2309 707 2338; x_wconf 89' lang='lat' dir='ltr'>amor</span> <span class='ocrx_word' id='word_1_206' title='bbox 727 2292 912 2352; x_wconf 79' lang='lat' dir='ltr'>justitiae</span> <span class='ocrx_word' id='word_1_207' title='bbox 937 2301 983 2337; x_wconf 84' lang='lat' dir='ltr'>et</span> <span class='ocrx_word' id='word_1_208' title='bbox 1005 2293 1236 2348; x_wconf 86' lang='lat' dir='ltr'>veritatis,</span> <span class='ocrx_word' id='word_1_209' title='bbox 1276 2303 1321 2338; x_wconf 85' lang='lat' dir='ltr'>et</span> <span class='ocrx_word' id='word_1_210' title='bbox 1351 2295 1432 2356; x_wconf 88' lang='lat' dir='ltr'>qui</span> <span class='ocrx_word' id='word_1_211' title='bbox 1457 2295 1642 2342; x_wconf 88' lang='lat' dir='ltr'>oderint</span> 
     </span>
     <span class='ocr_line' id='line_1_28' title="bbox 249 2367 1641 2433; baseline 0.003 -19"><span class='ocrx_word' id='word_1_212' title='bbox 249 2369 516 2426; x_wconf 83' lang='lat' dir='ltr'>avaritiam,</span> <span class='ocrx_word' id='word_1_213' title='bbox 542 2367 945 2431; x_wconf 87' lang='lat' dir='ltr'>quemadmodum</span> <span class='ocrx_word' id='word_1_214' title='bbox 968 2370 1118 2414; x_wconf 84' lang='lat' dir='ltr'>Moses</span> <span class='ocrx_word' id='word_1_215' title='bbox 1137 2368 1212 2413; x_wconf 87' lang='lat' dir='ltr'>ille</span> <span class='ocrx_word' id='word_1_216' title='bbox 1232 2368 1324 2413; x_wconf 78' lang='lat' dir='ltr'>dux</span> <span class='ocrx_word' id='word_1_217' title='bbox 1347 2380 1389 2415; x_wconf 90' lang='lat' dir='ltr'>et</span> <span class='ocrx_word' id='word_1_218' title='bbox 1408 2370 1641 2433; x_wconf 84' lang='lat' dir='ltr'>legislator</span> 
     </span>
     <span class='ocr_line' id='line_1_29' title="bbox 231 2444 1640 2508; baseline 0.004 -19"><span class='ocrx_word' id='word_1_219' title='bbox 231 2445 484 2491; x_wconf 57' lang='lat' dir='ltr'>‘Israelitici</span> <span class='ocrx_word' id='word_1_220' title='bbox 501 2445 682 2508; x_wconf 89' lang='lat' dir='ltr'>populi,</span> <span class='ocrx_word' id='word_1_221' title='bbox 701 2461 727 2489; x_wconf 91' lang='lat' dir='ltr'>a</span> <span class='ocrx_word' id='word_1_222' title='bbox 748 2461 911 2489; x_wconf 87' lang='lat' dir='ltr'>socero</span> <span class='ocrx_word' id='word_1_223' title='bbox 931 2461 1033 2503; x_wconf 89' lang='lat' dir='ltr'>suo,</span> <span class='ocrx_word' id='word_1_224' title='bbox 1060 2444 1230 2490; x_wconf 89' lang='lat' dir='ltr'>scilicet</span> <span class='ocrx_word' id='word_1_225' title='bbox 1253 2445 1391 2508; x_wconf 89' lang='lat' dir='ltr'>longe</span> <span class='ocrx_word' id='word_1_226' title='bbox 1412 2448 1640 2495; x_wconf 86' lang='lat' dir='ltr'>inferioris</span> 
     </span>
     <span class='ocr_line' id='line_1_30' title="bbox 250 2519 1635 2585; baseline 0.003 -20"><span class='ocrx_word' id='word_1_227' title='bbox 250 2519 507 2581; x_wconf 88' lang='lat' dir='ltr'>dignitatis,</span> <span class='ocrx_word' id='word_1_228' title='bbox 548 2520 795 2565; x_wconf 87' lang='lat' dir='ltr'>consilium</span> <span class='ocrx_word' id='word_1_229' title='bbox 827 2519 1071 2565; x_wconf 82' lang='lat' dir='ltr'>salubriter</span> <span class='ocrx_word' id='word_1_230' title='bbox 1103 2522 1312 2583; x_wconf 73' lang='lat' dir='ltr'>accepit?</span> <span class='ocrx_word' id='word_1_231' title='bbox 1345 2527 1492 2585; x_wconf 80' lang='lat' dir='ltr'>Atque</span> <span class='ocrx_word' id='word_1_232' title='bbox 1528 2524 1635 2582; x_wconf 89' lang='lat' dir='ltr'>ubi,</span> 
     </span>
     <span class='ocr_line' id='line_1_31' title="bbox 251 2584 1694 2664; baseline 0.004 -22"><span class='ocrx_word' id='word_1_233' title='bbox 251 2613 442 2642; x_wconf 87' lang='lat' dir='ltr'>omnem</span> <span class='ocrx_word' id='word_1_234' title='bbox 478 2596 800 2642; x_wconf 83' lang='lat' dir='ltr'>rationabilem</span> <span class='ocrx_word' id='word_1_235' title='bbox 831 2606 874 2643; x_wconf 86' lang='lat' dir='ltr'>et</span> <span class='ocrx_word' id='word_1_236' title='bbox 909 2597 1067 2643; x_wconf 85' lang='lat' dir='ltr'>utilem</span> <span class='ocrx_word' id='word_1_237' title='bbox 1101 2599 1471 2647; x_wconf 87' lang='lat' dir='ltr'>admonitionem</span> <span class='ocrx_word' id='word_1_238' title='bbox 1511 2618 1641 2664; x_wconf 84' lang='lat' dir='ltr'>sper-</span> <span class='ocrx_word' id='word_1_239' title='bbox 1691 2584 1694 2588; x_wconf 88' lang='lat'><strong>.</strong></span> 
     </span>
     <span class='ocr_line' id='line_1_32' title="bbox 251 2674 1640 2740; baseline 0.004 -23"><span class='ocrx_word' id='word_1_240' title='bbox 251 2682 440 2718; x_wconf 88' lang='lat' dir='ltr'>nentem</span> <span class='ocrx_word' id='word_1_241' title='bbox 477 2683 519 2718; x_wconf 91' lang='lat' dir='ltr'>et</span> <span class='ocrx_word' id='word_1_242' title='bbox 551 2682 929 2719; x_wconf 84' lang='lat' dir='ltr'>contemnentem</span> <span class='ocrx_word' id='word_1_243' title='bbox 960 2711 970 2731; x_wconf 91' lang='lat'>,</span> <span class='ocrx_word' id='word_1_244' title='bbox 1014 2674 1215 2721; x_wconf 79' lang='lat' dir='ltr'>viderint</span> <span class='ocrx_word' id='word_1_245' title='bbox 1247 2692 1295 2721; x_wconf 91' lang='lat' dir='ltr'>se</span> <span class='ocrx_word' id='word_1_246' title='bbox 1332 2677 1448 2722; x_wconf 79' lang='lat' dir='ltr'>velle</span> <span class='ocrx_word' id='word_1_247' title='bbox 1483 2681 1640 2740; x_wconf 85' lang='lat' dir='ltr'>potius</span> 
     </span>
     <span class='ocr_line' id='line_1_33' title="bbox 252 2748 1639 2816; baseline 0.004 -23"><span class='ocrx_word' id='word_1_248' title='bbox 252 2748 383 2794; x_wconf 87' lang='lat' dir='ltr'>malis</span> <span class='ocrx_word' id='word_1_249' title='bbox 408 2748 641 2811; x_wconf 85' lang='lat' dir='ltr'>prioribus</span> <span class='ocrx_word' id='word_1_250' title='bbox 673 2750 830 2811; x_wconf 83' lang='lat' dir='ltr'>pejora</span> <span class='ocrx_word' id='word_1_251' title='bbox 860 2749 1032 2794; x_wconf 83' lang='lat' dir='ltr'>addere</span> <span class='ocrx_word' id='word_1_252' title='bbox 1052 2787 1061 2801; x_wconf 90' lang='lat'><strong>‚</strong></span> <span class='ocrx_word' id='word_1_253' title='bbox 1099 2759 1144 2794; x_wconf 91' lang='lat' dir='ltr'>et</span> <span class='ocrx_word' id='word_1_254' title='bbox 1167 2751 1341 2796; x_wconf 85' lang='lat' dir='ltr'>utiliter</span> <span class='ocrx_word' id='word_1_255' title='bbox 1360 2769 1466 2797; x_wconf 87' lang='lat' dir='ltr'>eum</span> <span class='ocrx_word' id='word_1_256' title='bbox 1500 2763 1639 2816; x_wconf 83' lang='lat' dir='ltr'>atque</span> 
     </span>
    </p>
   </div>
  </div>
 </body>
</html>
