1923 3020
681 229 824 264 LIBER
858 227 1094 274 QUARTUS.
1510 227 1582 260 337

193 334 299 363 sans
329 318 365 362 si
399 332 592 378 quoquo
630 315 798 370 modo,
837 313 906 359 vel
934 313 1114 374 jaetiIO,
1162 311 1235 356 vel
1271 311 1587 358 bornbardula

195 392 493 438 obsessorum
538 391 739 453 aliquem
787 390 922 434 ferire
970 405 1022 434 ac
1064 387 1264 449 dejicere
1304 387 1581 450 potuissent.

197 469 328 515 Unde
369 466 612 512 eveniebat
645 467 934 527 frequenter,
976 474 1028 509 ut
1060 481 1114 509 ex
1150 463 1465 509 obsidentium
1511 479 1587 508 ca-

194 544 312 601 stris,
338 542 574 604 potissime
598 542 656 586 de
677 542 817 597 Italis,
837 557 956 603 quos
977 540 1217 585 acerbiore
1242 539 1589 586 insectabantur

195 619 321 673 odio,
344 618 487 679 aliqui
525 627 828 672 necarentur3
858 626 920 671 et,
955 633 1062 660 cum
1088 616 1208 661 infra
1239 617 1376 661 unius
1396 616 1586 674 mensis,

194 693 265 738 vel
297 694 445 749 circa,
481 694 715 756 spatium,
748 693 846 754 ipse
885 691 1272 751 Burgundionum
1307 693 1402 738 dux
1438 693 1592 757 ipsum

193 769 423 831 oppidum
462 770 535 814 vel
572 783 865 831 expugnare,
916 767 987 813 vel
1025 767 1085 812 ad
1136 768 1426 814 deditionem
1462 785 1592 815 coar-

193 855 316 889 ctare
341 845 630 907 speravisset,
659 860 746 889 nec
770 844 951 904 integro
974 860 1123 906 prope
1148 860 1273 889 anno
1297 862 1394 906 quo
1417 855 1589 903 castra,

193 920 331 965 etiam
367 937 449 983 per
483 929 630 966 totam
665 919 870 964 hiemem
904 928 950 964 et
985 928 1189 965 aestatem
1211 957 1222 979 ,
1272 921 1364 966 illic
1409 921 1593 980 habuit,

192 997 346 1059 ipsum
372 999 526 1060 potuit
551 997 780 1043 obtinere.

259 1077 387 1120 Hanc
435 1075 627 1137 quidem
659 1075 1007 1138 providentiam
1044 1076 1091 1120 in
1131 1092 1324 1121 snorum
1366 1078 1593 1124 distribu-

195 1154 321 1197 tione
349 1168 402 1197 ac
429 1152 776 1216 dispensatione
802 1153 1072 1198 victualium
1108 1152 1285 1198 obsessi
1317 1164 1588 1215 tenuerunt,

197 1237 244 1272 ut
266 1228 382 1274 duas
414 1238 595 1274 tantum
616 1229 689 1274 vel
722 1239 812 1274 tres
841 1230 1069 1291 coquinas
1102 1229 1305 1275 facerent
1329 1247 1415 1292 pro
1440 1233 1594 1276 omni-

194 1304 298 1362 bus,
324 1306 404 1367 qui
444 1307 490 1351 in
527 1306 705 1368 oppido
742 1316 901 1362 erant,
934 1306 992 1351 de
1027 1306 1198 1368 quibus
1231 1307 1422 1353 cuilibet
1449 1309 1596 1354 distri-

194 1380 452 1439 buebatur,
495 1381 755 1426 secundum
793 1382 923 1444 quod
963 1399 1048 1445 pro
1087 1383 1288 1429 instante
1322 1386 1594 1430 necessitate

196 1457 441 1503 videbatur
464 1468 789 1522 opportunum
804 1462 831 1505 ¹.

261 1537 383 1580 [nter
416 1536 537 1597 ipsas
577 1553 690 1581 vero
727 1536 987 1582 obsidionis
1021 1541 1226 1596 moras²,
1274 1556 1383 1585 cum
1419 1539 1594 1586 obsessi

196 1610 555 1657 Coloniensibus
590 1612 857 1658 denuntiari
892 1613 1106 1659 fecissent
1138 1614 1225 1660 sibi
1258 1616 1473 1678 pulveres
1505 1634 1592 1680 pro

196 1685 534 1733 bombardellis
570 1698 613 1733 et
636 1689 865 1734 machinis
896 1690 989 1735 suis
1012 1690 1228 1749 deficere,
1257 1693 1485 1738 miserunt
1507 1695 1593 1756 ipsi

196 1763 502 1809 Colonienses
525 1765 808 1826 quingentos
830 1766 955 1810 viros
984 1765 1187 1828 pedites,
1220 1784 1425 1829 quorum
1449 1786 1595 1814 unus—

197 1842 393 1903 quisque
425 1851 601 1887 certam
636 1842 694 1887 de
738 1842 1010 1903 hujusmodi
1052 1843 1289 1889 deferebat
1320 1845 1594 1907 pulveribus

197 1918 503 1978 quantitatem
527 1935 536 1972 ;
564 1918 644 1979 qui
668 1917 785 1963 liora
811 1918 1052 1976 condicta,
1090 1928 1258 1976 noctu,
1296 1920 1416 1966 clam
1447 1931 1594 1967 castra

198 1994 588 2055 Burgundionum
614 2004 929 2056 penetrantes,
951 1994 1010 2039 ad
1035 2004 1222 2056 portam
1245 2012 1392 2058 usque
1411 1998 1592 2061 oppidi,

198 2070 246 2114 in
269 2086 363 2132 qua
387 2087 467 2116 eos
491 2070 717 2133 oppidani
737 2070 1118 2132 opperiebantur,
1141 2082 1446 2133 penetrarunt
1466 2075 1596 2120 inco-

200 2146 364 2204 lumes,
383 2148 601 2209 introque
626 2146 804 2209 absque
829 2146 922 2192 ulla
941 2149 1240 2194 cunctatione
1258 2150 1448 2196 admissi
1466 2163 1591 2198 sunt.

202 2224 286 2266 Per
303 2222 566 2284 proditores
591 2223 714 2267 enini
743 2231 821 2267 aut
848 2223 1107 2283 transfugas
1130 2223 1392 2271 didicerant
1412 2227 1596 2289 signum

201 2315 280 2344 seu
317 2299 513 2344 verbum
543 2299 806 2361 vigiliarum
836 2298 957 2345 illius
992 2302 1158 2348 noctis.
1182 2305 1299 2348 ‘Hoc
1334 2314 1519 2365 autem,
1556 2317 1600 2352 et

256 2437 294 2474 ¹1.
322 2452 339 2468 <c
362 2439 433 2472 Les
454 2445 595 2474 rustres
613 2437 773 2486 (reitrcs)
795 2439 1017 2489 prendoient
1040 2441 1140 2478 leurs
1160 2441 1287 2479 vivres
1316 2442 1459 2480 chacun
1475 2445 1564 2491 jour
1585 2449 1605 2482 a

203 2493 324 2531 l'ostel
346 2494 391 2531 de
416 2495 723 2546 l'archevesque,
748 2506 783 2534 et
811 2498 843 2534 le
865 2511 978 2535 menu
1001 2500 1137 2550 peuple
1169 2503 1188 2537 a
1208 2501 1309 2538 deux
1335 2500 1538 2554 bourgeois
1560 2504 1606 2542 de

206 2555 242 2591 la
263 2555 349 2591 ville
365 2585 373 2601 ,
396 2556 461 2604 qui
482 2555 778 2606 journellement
797 2557 881 2594 leur
900 2558 1074 2596 faisoient
1093 2559 1335 2597 adininistrer
1355 2559 1456 2598 leurs
1476 2563 1610 2600 neces-

207 2615 308 2652 sites.
336 2632 352 2649 >2
376 2615 546 2662 Molinet,
568 2616 593 2653 l.
617 2618 647 2663 1,
668 2632 701 2656 e.
724 2631 802 2654 xx1.

269 2675 304 2709 2.
338 2677 440 2710 Dans
460 2674 512 2711 les
532 2675 717 2724 premiers
731 2676 839 2722 joui-s
858 2676 904 2713 de
921 2676 1144 2717 novembre.
1168 2678 1338 2724 Molinet,
1361 2679 1387 2716 l.
1410 2682 1442 2726 Ι,
1466 2694 1500 2719 c.
1524 2695 1610 2721 vm.

420 2758 454 2780 11
1352 2752 1398 2786 22
