<?xml version="1.0" encoding="UTF-8"?>
<!DOCTYPE html PUBLIC "-//W3C//DTD XHTML 1.0 Transitional//EN"
    "http://www.w3.org/TR/xhtml1/DTD/xhtml1-transitional.dtd">
<html xmlns="http://www.w3.org/1999/xhtml" xml:lang="en" lang="en">
 <head>
  <title>
</title>
<meta http-equiv="Content-Type" content="text/html;charset=utf-8" />
  <meta name='ocr-system' content='tesseract 3.04.00' />
  <meta name='ocr-capabilities' content='ocr_page ocr_carea ocr_par ocr_line ocrx_word'/>
</head>
<body>
  <div class='ocr_page' id='page_1' title='image "./histoiredesrgn02basi_0507.png"; bbox 0 0 1923 3020; ppageno 0'>
   <div class='ocr_carea' id='block_1_1' title="bbox 461 545 1260 607">
    <p class='ocr_par' dir='ltr' id='par_1_1' title="bbox 461 545 1260 607">
     <span class='ocr_line' id='line_1_1' title="bbox 461 545 1260 607; baseline -0.006 0"><span class='ocrx_word' id='word_1_1' title='bbox 461 549 683 607; x_wconf 88' lang='lat' dir='ltr'>[NDEX</span> <span class='ocrx_word' id='word_1_2' title='bbox 729 545 1260 606; x_wconf 87' lang='lat' dir='ltr'>CAPITULORUM</span> 
     </span>
    </p>
   </div>
   <div class='ocr_carea' id='block_1_2' title="bbox 209 707 1498 798">
    <p class='ocr_par' dir='ltr' id='par_1_2' title="bbox 209 707 1498 798">
     <span class='ocr_line' id='line_1_2' title="bbox 209 707 1498 745; baseline -0.008 -7"><span class='ocrx_word' id='word_1_3' title='bbox 209 716 248 740; x_wconf 84' lang='lat' dir='ltr'>IN</span> <span class='ocrx_word' id='word_1_4' title='bbox 277 714 355 745; x_wconf 72' lang='lat' dir='ltr'>QUAE</span> <span class='ocrx_word' id='word_1_5' title='bbox 383 713 620 737; x_wconf 73' lang='lat' dir='ltr'>DIGERUNTUR</span> <span class='ocrx_word' id='word_1_6' title='bbox 649 709 897 736; x_wconf 73' lang='lat' dir='ltr'>HISTORIARUM</span> <span class='ocrx_word' id='word_1_7' title='bbox 926 709 1103 732; x_wconf 89' lang='lat' dir='ltr'><strong>LUDOVICI</strong></span> <span class='ocrx_word' id='word_1_8' title='bbox 1132 710 1172 731; x_wconf 85' lang='lat' dir='ltr'>XI</span> <span class='ocrx_word' id='word_1_9' title='bbox 1201 709 1298 731; x_wconf 84' lang='lat' dir='ltr'>LIBRI</span> <span class='ocrx_word' id='word_1_10' title='bbox 1328 707 1498 738; x_wconf 54' lang='lat' dir='ltr'><strong>QUINQUE</strong></span> 
     </span>
     <span class='ocr_line' id='line_1_3' title="bbox 767 773 931 798; baseline 0.006 -1"><span class='ocrx_word' id='word_1_11' title='bbox 767 773 931 798; x_wconf 69' lang='lat' dir='ltr'>Pmomzs.</span> 
     </span>
    </p>
   </div>
   <div class='ocr_carea' id='block_1_3' title="bbox 679 929 1033 964">
    <p class='ocr_par' dir='ltr' id='par_1_3' title="bbox 679 929 1033 964">
     <span class='ocr_line' id='line_1_4' title="bbox 679 929 1033 964; baseline -0.003 0"><span class='ocrx_word' id='word_1_12' title='bbox 679 930 816 964; x_wconf 90' lang='lat' dir='ltr'>LIBER</span> <span class='ocrx_word' id='word_1_13' title='bbox 842 929 1033 964; x_wconf 82' lang='lat' dir='ltr'><strong>PRIMUS.</strong></span> 
     </span>
    </p>
   </div>
   <div class='ocr_carea' id='block_1_4' title="bbox 159 1009 1556 1097">
    <p class='ocr_par' dir='ltr' id='par_1_4' title="bbox 159 1009 1556 1097">
     <span class='ocr_line' id='line_1_5' title="bbox 1466 1009 1556 1030; baseline -0.011 0"><span class='ocrx_word' id='word_1_14' title='bbox 1466 1009 1556 1030; x_wconf 67' lang='grc' dir='ltr'>ΡΛεες</span> 
     </span>
     <span class='ocr_line' id='line_1_6' title="bbox 159 1048 1462 1097; baseline -0.007 -7"><span class='ocrx_word' id='word_1_15' title='bbox 159 1056 368 1090; x_wconf 73' lang='lat' dir='ltr'>CAmTuLUM</span> <span class='ocrx_word' id='word_1_16' title='bbox 383 1063 536 1087; x_wconf 70' lang='lat' dir='ltr'>mmmm.</span> <span class='ocrx_word' id='word_1_17' title='bbox 552 1071 598 1077; x_wconf 92' lang='lat'>-—-</span> <span class='ocrx_word' id='word_1_18' title='bbox 614 1051 785 1095; x_wconf 82' lang='lat' dir='ltr'>Qualiter,</span> <span class='ocrx_word' id='word_1_19' title='bbox 806 1058 944 1084; x_wconf 91' lang='lat' dir='ltr'>mortuo</span> <span class='ocrx_word' id='word_1_20' title='bbox 961 1059 1071 1097; x_wconf 85' lang='lat' dir='ltr'>patre,</span> <span class='ocrx_word' id='word_1_21' title='bbox 1089 1049 1286 1084; x_wconf 84' lang='lat' dir='ltr'>Ludovicus</span> <span class='ocrx_word' id='word_1_22' title='bbox 1302 1050 1375 1095; x_wconf 88' lang='lat' dir='ltr'>ejus</span> <span class='ocrx_word' id='word_1_23' title='bbox 1391 1048 1462 1094; x_wconf 87' lang='lat' dir='ltr'>pri·</span> 
     </span>
    </p>
   </div>
   <div class='ocr_carea' id='block_1_5' title="bbox 206 1108 1552 1215">
    <p class='ocr_par' dir='ltr' id='par_1_5' title="bbox 206 1108 1552 1215">
     <span class='ocr_line' id='line_1_7' title="bbox 207 1108 1464 1158; baseline -0.004 -12"><span class='ocrx_word' id='word_1_24' title='bbox 207 1113 412 1158; x_wconf 62' lang='lat' dir='ltr'>mogenhus,</span> <span class='ocrx_word' id='word_1_25' title='bbox 429 1112 534 1145; x_wconf 83' lang='lat' dir='ltr'>fretus</span> <span class='ocrx_word' id='word_1_26' title='bbox 549 1111 677 1144; x_wconf 87' lang='lat' dir='ltr'>auxilio</span> <span class='ocrx_word' id='word_1_27' title='bbox 694 1111 858 1157; x_wconf 89' lang='lat' dir='ltr'>Philippi,</span> <span class='ocrx_word' id='word_1_28' title='bbox 873 1110 1163 1157; x_wconf 85' lang='lat' dir='ltr'>Burgundionum</span> <span class='ocrx_word' id='word_1_29' title='bbox 1180 1109 1292 1153; x_wconf 88' lang='lat' dir='ltr'>ducis,</span> <span class='ocrx_word' id='word_1_30' title='bbox 1307 1122 1340 1143; x_wconf 91' lang='lat' dir='ltr'>se</span> <span class='ocrx_word' id='word_1_31' title='bbox 1356 1108 1464 1154; x_wconf 84' lang='lat' dir='ltr'>adpa-</span> 
     </span>
     <span class='ocr_line' id='line_1_8' title="bbox 206 1167 1552 1215; baseline -0.004 -11"><span class='ocrx_word' id='word_1_32' title='bbox 206 1172 303 1205; x_wconf 84' lang='lat' dir='ltr'>rabat</span> <span class='ocrx_word' id='word_1_33' title='bbox 326 1170 372 1204; x_wconf 85' lang='lat' dir='ltr'>ad</span> <span class='ocrx_word' id='word_1_34' title='bbox 392 1168 658 1204; x_wconf 83' lang='lat' dir='ltr'>nanciscendam</span> <span class='ocrx_word' id='word_1_35' title='bbox 674 1170 805 1215; x_wconf 87' lang='lat' dir='ltr'>paterni</span> <span class='ocrx_word' id='word_1_36' title='bbox 823 1169 921 1215; x_wconf 89' lang='lat' dir='ltr'>regni</span> <span class='ocrx_word' id='word_1_37' title='bbox 937 1169 1186 1215; x_wconf 87' lang='lat' dir='ltr'>possessionem</span> <span class='ocrx_word' id='word_1_38' title='bbox 1195 1191 1462 1203; x_wconf 87' lang='grc'><strong>............</strong></span> <span class='ocrx_word' id='word_1_39' title='bbox 1542 1167 1552 1197; x_wconf 91' lang='lat' dir='ltr'>l</span> 
     </span>
    </p>
   </div>
   <div class='ocr_carea' id='block_1_6' title="bbox 161 1261 1465 1309">
    <p class='ocr_par' dir='ltr' id='par_1_6' title="bbox 161 1261 1465 1309">
     <span class='ocr_line' id='line_1_9' title="bbox 161 1261 1465 1309; baseline -0.005 -8"><span class='ocrx_word' id='word_1_40' title='bbox 161 1268 367 1301; x_wconf 71' lang='lat' dir='ltr'>CAPITnLUM</span> <span class='ocrx_word' id='word_1_41' title='bbox 384 1278 422 1300; x_wconf 76' lang='lat'>11.</span> <span class='ocrx_word' id='word_1_42' title='bbox 434 1284 480 1291; x_wconf 91' lang='lat'>-—</span> <span class='ocrx_word' id='word_1_43' title='bbox 495 1265 545 1298; x_wconf 90' lang='lat' dir='ltr'>De</span> <span class='ocrx_word' id='word_1_44' title='bbox 564 1264 749 1297; x_wconf 86' lang='lat' dir='ltr'>inimicitiis</span> <span class='ocrx_word' id='word_1_45' title='bbox 765 1273 797 1298; x_wconf 93' lang='lat' dir='ltr'>et</span> <span class='ocrx_word' id='word_1_46' title='bbox 813 1263 896 1298; x_wconf 86' lang='lat' dir='ltr'>odio</span> <span class='ocrx_word' id='word_1_47' title='bbox 913 1263 995 1297; x_wconf 89' lang='lat' dir='ltr'>novi</span> <span class='ocrx_word' id='word_1_48' title='bbox 1011 1263 1098 1309; x_wconf 83' lang='lat' dir='ltr'>regis</span> <span class='ocrx_word' id='word_1_49' title='bbox 1113 1262 1158 1296; x_wconf 86' lang='lat' dir='ltr'>ad</span> <span class='ocrx_word' id='word_1_50' title='bbox 1175 1262 1341 1308; x_wconf 84' lang='lat' dir='ltr'>quosdam</span> <span class='ocrx_word' id='word_1_51' title='bbox 1360 1261 1465 1295; x_wconf 84' lang='lat' dir='ltr'>(luces</span> 
     </span>
    </p>
   </div>
   <div class='ocr_carea' id='block_1_7' title="bbox 206 1322 1557 1431">
    <p class='ocr_par' dir='ltr' id='par_1_7' title="bbox 206 1322 1557 1431">
     <span class='ocr_line' id='line_1_10' title="bbox 206 1322 1464 1372; baseline -0.004 -13"><span class='ocrx_word' id='word_1_52' title='bbox 206 1335 384 1372; x_wconf 88' lang='lat' dir='ltr'>paternos,</span> <span class='ocrx_word' id='word_1_53' title='bbox 402 1333 434 1358; x_wconf 82' lang='lat' dir='ltr'>et</span> <span class='ocrx_word' id='word_1_54' title='bbox 454 1324 621 1370; x_wconf 79' lang='lat' dir='ltr'>exsequiis</span> <span class='ocrx_word' id='word_1_55' title='bbox 636 1324 725 1370; x_wconf 89' lang='lat' dir='ltr'>patri</span> <span class='ocrx_word' id='word_1_56' title='bbox 742 1323 906 1357; x_wconf 82' lang='lat' dir='ltr'>defuncto</span> <span class='ocrx_word' id='word_1_57' title='bbox 923 1323 1019 1357; x_wconf 82' lang='lat' dir='ltr'>factis</span> <span class='ocrx_word' id='word_1_58' title='bbox 1033 1336 1050 1356; x_wconf 85' lang='lat' dir='ltr'>a</span> <span class='ocrx_word' id='word_1_59' title='bbox 1068 1335 1116 1365; x_wconf 85' lang='lat' dir='ltr'>se,</span> <span class='ocrx_word' id='word_1_60' title='bbox 1135 1331 1167 1356; x_wconf 89' lang='lat' dir='ltr'>et</span> <span class='ocrx_word' id='word_1_61' title='bbox 1183 1334 1353 1356; x_wconf 77' lang='lat' dir='ltr'>concursu</span> <span class='ocrx_word' id='word_1_62' title='bbox 1367 1322 1464 1355; x_wconf 87' lang='lat' dir='ltr'>vario</span> 
     </span>
     <span class='ocr_line' id='line_1_11' title="bbox 206 1381 1557 1431; baseline -0.004 -13"><span class='ocrx_word' id='word_1_63' title='bbox 206 1385 456 1431; x_wconf 76' lang='lat' dir='ltr'>regnicolarum</span> <span class='ocrx_word' id='word_1_64' title='bbox 477 1383 522 1418; x_wconf 85' lang='lat' dir='ltr'>ad</span> <span class='ocrx_word' id='word_1_65' title='bbox 539 1396 618 1417; x_wconf 92' lang='lat' dir='ltr'>eum</span> <span class='ocrx_word' id='word_1_66' title='bbox 626 1406 1459 1418; x_wconf 84' lang='grc'><strong>....................................</strong></span> <span class='ocrx_word' id='word_1_67' title='bbox 1536 1381 1557 1413; x_wconf 67' lang='grc'><strong>4</strong></span> 
     </span>
    </p>
   </div>
   <div class='ocr_carea' id='block_1_8' title="bbox 163 1473 1560 1640">
    <p class='ocr_par' dir='ltr' id='par_1_8' title="bbox 163 1473 1560 1640">
     <span class='ocr_line' id='line_1_12' title="bbox 163 1473 1466 1521; baseline -0.005 -7"><span class='ocrx_word' id='word_1_68' title='bbox 163 1481 370 1514; x_wconf 75' lang='lat' dir='ltr'><strong>CAPITULUM</strong></span> <span class='ocrx_word' id='word_1_69' title='bbox 392 1493 444 1515; x_wconf 86' lang='lat' dir='ltr'>m.</span> <span class='ocrx_word' id='word_1_70' title='bbox 462 1499 508 1505; x_wconf 97' lang='lat'><strong>—</strong></span> <span class='ocrx_word' id='word_1_71' title='bbox 524 1477 714 1521; x_wconf 85' lang='lat' dir='ltr'>Quomodo</span> <span class='ocrx_word' id='word_1_72' title='bbox 740 1478 803 1512; x_wconf 89' lang='lat' dir='ltr'>fuit</span> <span class='ocrx_word' id='word_1_73' title='bbox 827 1477 942 1511; x_wconf 85' lang='lat' dir='ltr'><strong>Remis</strong></span> <span class='ocrx_word' id='word_1_74' title='bbox 964 1477 1125 1510; x_wconf 84' lang='lat' dir='ltr'>inunctus</span> <span class='ocrx_word' id='word_1_75' title='bbox 1150 1476 1187 1509; x_wconf 92' lang='lat' dir='ltr'>in</span> <span class='ocrx_word' id='word_1_76' title='bbox 1209 1488 1342 1521; x_wconf 87' lang='lat' dir='ltr'>regem;</span> <span class='ocrx_word' id='word_1_77' title='bbox 1367 1483 1400 1508; x_wconf 89' lang='lat' dir='ltr'>et</span> <span class='ocrx_word' id='word_1_78' title='bbox 1422 1473 1466 1507; x_wconf 88' lang='lat' dir='ltr'>de</span> 
     </span>
     <span class='ocr_line' id='line_1_13' title="bbox 208 1532 1468 1584; baseline -0.004 -13"><span class='ocrx_word' id='word_1_79' title='bbox 208 1538 437 1584; x_wconf 79' lang='lat' dir='ltr'>promissione</span> <span class='ocrx_word' id='word_1_80' title='bbox 461 1537 616 1583; x_wconf 82' lang='lat' dir='ltr'>ejusdem</span> <span class='ocrx_word' id='word_1_81' title='bbox 638 1537 680 1571; x_wconf 93' lang='lat' dir='ltr'>de</span> <span class='ocrx_word' id='word_1_82' title='bbox 700 1536 915 1571; x_wconf 87' lang='lat' dir='ltr'>sublevando</span> <span class='ocrx_word' id='word_1_83' title='bbox 932 1548 1078 1582; x_wconf 84' lang='lat' dir='ltr'>regnum</span> <span class='ocrx_word' id='word_1_84' title='bbox 1102 1535 1144 1568; x_wconf 82' lang='lat' dir='ltr'>ab</span> <span class='ocrx_word' id='word_1_85' title='bbox 1168 1534 1331 1567; x_wconf 83' lang='lat' dir='ltr'>oneribus</span> <span class='ocrx_word' id='word_1_86' title='bbox 1355 1532 1468 1567; x_wconf 83' lang='lat' dir='ltr'>tallia-</span> 
     </span>
     <span class='ocr_line' id='line_1_14' title="bbox 208 1591 1560 1640; baseline -0.006 -10"><span class='ocrx_word' id='word_1_87' title='bbox 208 1609 285 1631; x_wconf 90' lang='lat' dir='ltr'>rum</span> <span class='ocrx_word' id='word_1_88' title='bbox 302 1605 335 1631; x_wconf 90' lang='lat' dir='ltr'>et</span> <span class='ocrx_word' id='word_1_89' title='bbox 357 1597 500 1631; x_wconf 84' lang='lat' dir='ltr'>aliarum</span> <span class='ocrx_word' id='word_1_90' title='bbox 527 1597 746 1630; x_wconf 81' lang='lat' dir='ltr'>exactionum</span> <span class='ocrx_word' id='word_1_91' title='bbox 765 1595 976 1630; x_wconf 87' lang='lat' dir='ltr'>currentium</span> <span class='ocrx_word' id='word_1_92' title='bbox 992 1595 1028 1628; x_wconf 90' lang='lat' dir='ltr'>in</span> <span class='ocrx_word' id='word_1_93' title='bbox 1044 1605 1150 1640; x_wconf 87' lang='lat' dir='ltr'>regno</span> <span class='ocrx_word' id='word_1_94' title='bbox 1157 1617 1464 1627; x_wconf 89' lang='grc'><strong>..............</strong></span> <span class='ocrx_word' id='word_1_95' title='bbox 1539 1591 1560 1622; x_wconf 82' lang='lat'>8</span> 
     </span>
    </p>
   </div>
   <div class='ocr_carea' id='block_1_9' title="bbox 161 1689 1469 1798">
    <p class='ocr_par' dir='ltr' id='par_1_9' title="bbox 161 1689 1469 1798">
     <span class='ocr_line' id='line_1_15' title="bbox 161 1689 1469 1736; baseline -0.004 -10"><span class='ocrx_word' id='word_1_96' title='bbox 161 1693 366 1726; x_wconf 71' lang='lat' dir='ltr'>CAPrrULUM</span> <span class='ocrx_word' id='word_1_97' title='bbox 382 1706 430 1727; x_wconf 89' lang='lat' dir='ltr'>1v.</span> <span class='ocrx_word' id='word_1_98' title='bbox 450 1712 495 1718; x_wconf 89' lang='lat'><strong>—</strong></span> <span class='ocrx_word' id='word_1_99' title='bbox 511 1692 700 1735; x_wconf 85' lang='lat' dir='ltr'>Quomodo</span> <span class='ocrx_word' id='word_1_100' title='bbox 721 1705 762 1726; x_wconf 80' lang='lat' dir='ltr'>ex</span> <span class='ocrx_word' id='word_1_101' title='bbox 778 1692 894 1726; x_wconf 85' lang='lat' dir='ltr'>Remis</span> <span class='ocrx_word' id='word_1_102' title='bbox 909 1691 1003 1726; x_wconf 90' lang='lat' dir='ltr'>venit</span> <span class='ocrx_word' id='word_1_103' title='bbox 1017 1690 1062 1725; x_wconf 89' lang='lat' dir='ltr'>ad</span> <span class='ocrx_word' id='word_1_104' title='bbox 1079 1689 1469 1736; x_wconf 83' lang='lat' dir='ltr'>Sanctum-Dionysium</span> 
     </span>
     <span class='ocr_line' id='line_1_16' title="bbox 208 1747 1467 1798; baseline -0.002 -14"><span class='ocrx_word' id='word_1_105' title='bbox 208 1764 319 1797; x_wconf 84' lang='lat' dir='ltr'>prope</span> <span class='ocrx_word' id='word_1_106' title='bbox 338 1751 497 1794; x_wconf 83' lang='lat' dir='ltr'>Parisios,</span> <span class='ocrx_word' id='word_1_107' title='bbox 513 1751 572 1784; x_wconf 89' lang='lat' dir='ltr'>ubi</span> <span class='ocrx_word' id='word_1_108' title='bbox 593 1765 612 1785; x_wconf 84' lang='lat' dir='ltr'>a</span> <span class='ocrx_word' id='word_1_109' title='bbox 632 1751 784 1797; x_wconf 83' lang='lat' dir='ltr'>quodam</span> <span class='ocrx_word' id='word_1_110' title='bbox 801 1752 888 1785; x_wconf 89' lang='lat' dir='ltr'>Italo</span> <span class='ocrx_word' id='word_1_111' title='bbox 906 1759 1182 1798; x_wconf 80' lang='lat' dir='ltr'>praesumptuoso</span> <span class='ocrx_word' id='word_1_112' title='bbox 1199 1749 1288 1796; x_wconf 86' lang='lat' dir='ltr'>patri</span> <span class='ocrx_word' id='word_1_113' title='bbox 1304 1747 1467 1782; x_wconf 86' lang='lat' dir='ltr'>defuncto</span> 
     </span>
    </p>
   </div>
   <div class='ocr_carea' id='block_1_10' title="bbox 162 1807 1565 2164">
    <p class='ocr_par' dir='ltr' id='par_1_10' title="bbox 162 1807 1561 1950">
     <span class='ocr_line' id='line_1_17' title="bbox 208 1807 1561 1856; baseline -0.001 -15"><span class='ocrx_word' id='word_1_114' title='bbox 208 1809 413 1842; x_wconf 84' lang='lat' dir='ltr'>beneficium</span> <span class='ocrx_word' id='word_1_115' title='bbox 434 1810 659 1844; x_wconf 86' lang='lat' dir='ltr'>absolutionis</span> <span class='ocrx_word' id='word_1_116' title='bbox 678 1809 873 1856; x_wconf 86' lang='lat' dir='ltr'>impensum</span> <span class='ocrx_word' id='word_1_117' title='bbox 892 1818 940 1844; x_wconf 88' lang='lat' dir='ltr'>est</span> <span class='ocrx_word' id='word_1_118' title='bbox 949 1834 1460 1844; x_wconf 86' lang='grc'><strong>......................</strong></span> <span class='ocrx_word' id='word_1_119' title='bbox 1523 1807 1561 1840; x_wconf 74' lang='lat'>12</span> 
     </span>
     <span class='ocr_line' id='line_1_18' title="bbox 162 1904 1470 1950; baseline -0.002 -11"><span class='ocrx_word' id='word_1_120' title='bbox 162 1906 371 1942; x_wconf 75' lang='lat' dir='ltr'>CAPITULUM</span> <span class='ocrx_word' id='word_1_121' title='bbox 386 1919 420 1941; x_wconf 81' lang='lat' dir='ltr'>v.</span> <span class='ocrx_word' id='word_1_122' title='bbox 439 1927 486 1932; x_wconf 96' lang='lat'>-—</span> <span class='ocrx_word' id='word_1_123' title='bbox 503 1905 695 1949; x_wconf 89' lang='lat' dir='ltr'>Quomodo</span> <span class='ocrx_word' id='word_1_124' title='bbox 713 1919 773 1939; x_wconf 84' lang='lat' dir='ltr'>rex</span> <span class='ocrx_word' id='word_1_125' title='bbox 789 1918 901 1940; x_wconf 89' lang='lat' dir='ltr'>novus</span> <span class='ocrx_word' id='word_1_126' title='bbox 919 1905 1049 1950; x_wconf 83' lang='lat' dir='ltr'>regiam</span> <span class='ocrx_word' id='word_1_127' title='bbox 1066 1917 1163 1938; x_wconf 82' lang='lat' dir='ltr'>suam</span> <span class='ocrx_word' id='word_1_128' title='bbox 1178 1904 1389 1938; x_wconf 83' lang='lat' dir='ltr'>Parisiorum</span> <span class='ocrx_word' id='word_1_129' title='bbox 1408 1915 1470 1936; x_wconf 93' lang='lat' dir='ltr'>ur-</span> 
     </span>
    </p>

    <p class='ocr_par' dir='ltr' id='par_1_11' title="bbox 163 1962 1564 2104">
     <span class='ocr_line' id='line_1_19' title="bbox 208 1962 1564 2010; baseline -0.002 -13"><span class='ocrx_word' id='word_1_130' title='bbox 208 1965 286 1998; x_wconf 87' lang='lat' dir='ltr'>bem</span> <span class='ocrx_word' id='word_1_131' title='bbox 303 1964 473 2010; x_wconf 86' lang='lat' dir='ltr'>ingressus</span> <span class='ocrx_word' id='word_1_132' title='bbox 488 1974 536 1999; x_wconf 92' lang='lat' dir='ltr'>est</span> <span class='ocrx_word' id='word_1_133' title='bbox 541 1987 1468 2001; x_wconf 83' lang='grc'><strong>........................................</strong></span> <span class='ocrx_word' id='word_1_134' title='bbox 1522 1962 1564 1994; x_wconf 75' lang='lat'>15</span> 
     </span>
     <span class='ocr_line' id='line_1_20' title="bbox 163 2055 1471 2104; baseline -0.002 -12"><span class='ocrx_word' id='word_1_135' title='bbox 163 2058 369 2092; x_wconf 73' lang='lat' dir='ltr'>CAPITULUM</span> <span class='ocrx_word' id='word_1_136' title='bbox 384 2071 433 2092; x_wconf 78' lang='lat' dir='ltr'>VI.</span> <span class='ocrx_word' id='word_1_137' title='bbox 451 2079 498 2085; x_wconf 92' lang='lat'><strong>—</strong></span> <span class='ocrx_word' id='word_1_138' title='bbox 514 2059 669 2101; x_wconf 85' lang='lat' dir='ltr'>Qualiter</span> <span class='ocrx_word' id='word_1_139' title='bbox 691 2071 751 2092; x_wconf 76' lang='lat' dir='ltr'>rex</span> <span class='ocrx_word' id='word_1_140' title='bbox 772 2057 896 2092; x_wconf 89' lang='lat' dir='ltr'>officiis</span> <span class='ocrx_word' id='word_1_141' title='bbox 917 2058 1014 2104; x_wconf 85' lang='lat' dir='ltr'>regni</span> <span class='ocrx_word' id='word_1_142' title='bbox 1031 2056 1243 2104; x_wconf 88' lang='lat' dir='ltr'>providerit;</span> <span class='ocrx_word' id='word_1_143' title='bbox 1268 2064 1300 2089; x_wconf 90' lang='lat' dir='ltr'>et</span> <span class='ocrx_word' id='word_1_144' title='bbox 1316 2055 1360 2089; x_wconf 91' lang='lat' dir='ltr'>de</span> <span class='ocrx_word' id='word_1_145' title='bbox 1378 2055 1471 2089; x_wconf 89' lang='lat' dir='ltr'>inex·</span> 
     </span>
    </p>

    <p class='ocr_par' dir='ltr' id='par_1_12' title="bbox 208 2115 1565 2164">
     <span class='ocr_line' id='line_1_21' title="bbox 208 2115 1565 2164; baseline -0.001 -13"><span class='ocrx_word' id='word_1_146' title='bbox 208 2118 325 2163; x_wconf 90' lang='lat' dir='ltr'>plebili</span> <span class='ocrx_word' id='word_1_147' title='bbox 344 2118 483 2153; x_wconf 86' lang='lat' dir='ltr'>avaritia</span> <span class='ocrx_word' id='word_1_148' title='bbox 495 2145 504 2161; x_wconf 87' lang='lat'>‚</span> <span class='ocrx_word' id='word_1_149' title='bbox 528 2118 659 2164; x_wconf 85' lang='lat' dir='ltr'>rapinis</span> <span class='ocrx_word' id='word_1_150' title='bbox 675 2127 774 2163; x_wconf 85' lang='lat' dir='ltr'>atque</span> <span class='ocrx_word' id='word_1_151' title='bbox 795 2117 883 2153; x_wconf 86' lang='lat' dir='ltr'>dolis</span> <span class='ocrx_word' id='word_1_152' title='bbox 900 2117 1035 2151; x_wconf 86' lang='lat' dir='ltr'>domini</span> <span class='ocrx_word' id='word_1_153' title='bbox 1051 2115 1094 2149; x_wconf 88' lang='lat' dir='ltr'>de</span> <span class='ocrx_word' id='word_1_154' title='bbox 1115 2115 1323 2148; x_wconf 79' lang='lat' dir='ltr'>Montaulben</span> <span class='ocrx_word' id='word_1_155' title='bbox 1329 2141 1470 2150; x_wconf 88' lang='grc'><strong>.......</strong></span> <span class='ocrx_word' id='word_1_156' title='bbox 1523 2116 1565 2149; x_wconf 68' lang='grc'>418</span> 
     </span>
    </p>
   </div>
   <div class='ocr_carea' id='block_1_11' title="bbox 166 2207 1474 2313">
    <p class='ocr_par' dir='ltr' id='par_1_13' title="bbox 166 2207 1474 2313">
     <span class='ocr_line' id='line_1_22' title="bbox 166 2207 1473 2257; baseline -0.003 -12"><span class='ocrx_word' id='word_1_157' title='bbox 166 2211 373 2245; x_wconf 78' lang='lat' dir='ltr'><strong>CAPITULUM</strong></span> <span class='ocrx_word' id='word_1_158' title='bbox 388 2224 450 2247; x_wconf 63' lang='lat' dir='ltr'>vn.</span> <span class='ocrx_word' id='word_1_159' title='bbox 467 2231 513 2237; x_wconf 97' lang='lat'><strong>—</strong></span> <span class='ocrx_word' id='word_1_160' title='bbox 528 2213 580 2244; x_wconf 74' lang='lat' dir='ltr'>De</span> <span class='ocrx_word' id='word_1_161' title='bbox 606 2211 694 2245; x_wconf 87' lang='lat' dir='ltr'>dolis</span> <span class='ocrx_word' id='word_1_162' title='bbox 711 2221 743 2245; x_wconf 90' lang='lat' dir='ltr'>et</span> <span class='ocrx_word' id='word_1_163' title='bbox 758 2211 890 2257; x_wconf 85' lang='lat' dir='ltr'>rapinis</span> <span class='ocrx_word' id='word_1_164' title='bbox 911 2211 947 2244; x_wconf 88' lang='lat' dir='ltr'>in</span> <span class='ocrx_word' id='word_1_165' title='bbox 964 2207 1211 2243; x_wconf 86' lang='lat' dir='ltr'>distribuendis</span> <span class='ocrx_word' id='word_1_166' title='bbox 1232 2209 1328 2254; x_wconf 82' lang='lat' dir='ltr'>regni</span> <span class='ocrx_word' id='word_1_167' title='bbox 1349 2208 1473 2242; x_wconf 84' lang='lat' dir='ltr'>officiis</span> 
     </span>
     <span class='ocr_line' id='line_1_23' title="bbox 211 2268 1474 2313; baseline -0.002 -9"><span class='ocrx_word' id='word_1_168' title='bbox 211 2270 419 2312; x_wconf 83' lang='lat' dir='ltr'>commissis,</span> <span class='ocrx_word' id='word_1_169' title='bbox 449 2279 481 2303; x_wconf 91' lang='lat' dir='ltr'>et</span> <span class='ocrx_word' id='word_1_170' title='bbox 506 2270 549 2303; x_wconf 88' lang='lat' dir='ltr'>de</span> <span class='ocrx_word' id='word_1_171' title='bbox 567 2270 743 2304; x_wconf 85' lang='lat' dir='ltr'>amotione</span> <span class='ocrx_word' id='word_1_172' title='bbox 766 2269 1015 2304; x_wconf 82' lang='lat' dir='ltr'>officiariorum</span> <span class='ocrx_word' id='word_1_173' title='bbox 1034 2278 1066 2302; x_wconf 91' lang='lat' dir='ltr'>et</span> <span class='ocrx_word' id='word_1_174' title='bbox 1087 2268 1218 2302; x_wconf 87' lang='lat' dir='ltr'>ducum</span> <span class='ocrx_word' id='word_1_175' title='bbox 1238 2268 1365 2302; x_wconf 85' lang='lat' dir='ltr'>militiae</span> <span class='ocrx_word' id='word_1_176' title='bbox 1389 2280 1474 2313; x_wconf 89' lang='lat' dir='ltr'>quos</span> 
     </span>
    </p>
   </div>
   <div class='ocr_carea' id='block_1_12' title="bbox 167 2327 1567 2633">
    <p class='ocr_par' dir='ltr' id='par_1_14' title="bbox 167 2327 1567 2633">
     <span class='ocr_line' id='line_1_24' title="bbox 212 2327 1566 2375; baseline -0.002 -13"><span class='ocrx_word' id='word_1_177' title='bbox 212 2337 308 2375; x_wconf 83' lang='lat' dir='ltr'>pater</span> <span class='ocrx_word' id='word_1_178' title='bbox 322 2341 402 2361; x_wconf 88' lang='lat' dir='ltr'>suus</span> <span class='ocrx_word' id='word_1_179' title='bbox 418 2329 627 2374; x_wconf 77' lang='lat' dir='ltr'>instituerat,</span> <span class='ocrx_word' id='word_1_180' title='bbox 639 2338 671 2362; x_wconf 89' lang='lat' dir='ltr'>et</span> <span class='ocrx_word' id='word_1_181' title='bbox 689 2329 835 2362; x_wconf 90' lang='lat' dir='ltr'>aliorum</span> <span class='ocrx_word' id='word_1_182' title='bbox 852 2340 1025 2361; x_wconf 81' lang='lat' dir='ltr'>novorum</span> <span class='ocrx_word' id='word_1_183' title='bbox 1043 2327 1245 2361; x_wconf 76' lang='lat' dir='ltr'>suffectione</span> <span class='ocrx_word' id='word_1_184' title='bbox 1254 2352 1471 2361; x_wconf 84' lang='grc'><strong>..........</strong></span> <span class='ocrx_word' id='word_1_185' title='bbox 1523 2328 1566 2360; x_wconf 72' lang='lat'>2⁵2</span> 
     </span>
     <span class='ocr_line' id='line_1_25' title="bbox 167 2419 1473 2467; baseline -0.002 -12"><span class='ocrx_word' id='word_1_186' title='bbox 167 2422 375 2455; x_wconf 73' lang='lat' dir='ltr'><strong>CAPITULUM</strong></span> <span class='ocrx_word' id='word_1_187' title='bbox 390 2433 464 2457; x_wconf 75' lang='lat' dir='ltr'>vm.</span> <span class='ocrx_word' id='word_1_188' title='bbox 484 2441 531 2447; x_wconf 90' lang='lat'>—</span> <span class='ocrx_word' id='word_1_189' title='bbox 552 2422 697 2464; x_wconf 81' lang='lat' dir='ltr'>Qualem</span> <span class='ocrx_word' id='word_1_190' title='bbox 721 2434 755 2455; x_wconf 91' lang='lat' dir='ltr'>se</span> <span class='ocrx_word' id='word_1_191' title='bbox 777 2434 837 2454; x_wconf 88' lang='lat' dir='ltr'>rex</span> <span class='ocrx_word' id='word_1_192' title='bbox 861 2420 905 2454; x_wconf 83' lang='lat' dir='ltr'>ad</span> <span class='ocrx_word' id='word_1_193' title='bbox 924 2420 1048 2455; x_wconf 86' lang='lat' dir='ltr'>ducem</span> <span class='ocrx_word' id='word_1_194' title='bbox 1073 2419 1282 2467; x_wconf 85' lang='lat' dir='ltr'>Burgundiae</span> <span class='ocrx_word' id='word_1_195' title='bbox 1300 2420 1473 2464; x_wconf 82' lang='lat' dir='ltr'>exhibuit,</span> 
     </span>
     <span class='ocr_line' id='line_1_26' title="bbox 213 2479 1475 2527; baseline -0.001 -14"><span class='ocrx_word' id='word_1_196' title='bbox 213 2489 396 2525; x_wconf 77' lang='lat' dir='ltr'>antequam</span> <span class='ocrx_word' id='word_1_197' title='bbox 414 2494 456 2514; x_wconf 87' lang='lat' dir='ltr'>ex</span> <span class='ocrx_word' id='word_1_198' title='bbox 472 2480 610 2514; x_wconf 90' lang='lat' dir='ltr'>Parisiis</span> <span class='ocrx_word' id='word_1_199' title='bbox 624 2481 668 2514; x_wconf 91' lang='lat' dir='ltr'>ad</span> <span class='ocrx_word' id='word_1_200' title='bbox 686 2481 830 2527; x_wconf 85' lang='lat' dir='ltr'>propria</span> <span class='ocrx_word' id='word_1_201' title='bbox 847 2479 973 2514; x_wconf 71' lang='lat' dir='ltr'>rediret</span> <span class='ocrx_word' id='word_1_202' title='bbox 988 2495 996 2522; x_wconf 78' lang='lat'><em>3</em></span> <span class='ocrx_word' id='word_1_203' title='bbox 1021 2489 1052 2514; x_wconf 88' lang='lat' dir='ltr'>et</span> <span class='ocrx_word' id='word_1_204' title='bbox 1070 2479 1113 2514; x_wconf 94' lang='lat' dir='ltr'>de</span> <span class='ocrx_word' id='word_1_205' title='bbox 1133 2480 1366 2526; x_wconf 87' lang='lat' dir='ltr'>promissione</span> <span class='ocrx_word' id='word_1_206' title='bbox 1387 2479 1475 2524; x_wconf 81' lang='lat' dir='ltr'>ejus-</span> 
     </span>
     <span class='ocr_line' id='line_1_27' title="bbox 214 2538 1476 2586; baseline -0.002 -14"><span class='ocrx_word' id='word_1_207' title='bbox 214 2539 293 2572; x_wconf 89' lang='lat' dir='ltr'>dem</span> <span class='ocrx_word' id='word_1_208' title='bbox 319 2539 405 2585; x_wconf 78' lang='lat' dir='ltr'>regis</span> <span class='ocrx_word' id='word_1_209' title='bbox 427 2539 471 2573; x_wconf 89' lang='lat' dir='ltr'>de</span> <span class='ocrx_word' id='word_1_210' title='bbox 497 2539 711 2573; x_wconf 83' lang='lat' dir='ltr'>sublevando</span> <span class='ocrx_word' id='word_1_211' title='bbox 740 2552 885 2586; x_wconf 75' lang='lat' dir='ltr'>regnum</span> <span class='ocrx_word' id='word_1_212' title='bbox 902 2540 945 2573; x_wconf 86' lang='lat' dir='ltr'>ab</span> <span class='ocrx_word' id='word_1_213' title='bbox 962 2552 1065 2573; x_wconf 91' lang='lat' dir='ltr'>onere</span> <span class='ocrx_word' id='word_1_214' title='bbox 1080 2538 1250 2573; x_wconf 78' lang='lat' dir='ltr'>talliarum</span> <span class='ocrx_word' id='word_1_215' title='bbox 1276 2547 1308 2572; x_wconf 88' lang='lat' dir='ltr'>et</span> <span class='ocrx_word' id='word_1_216' title='bbox 1330 2538 1476 2572; x_wconf 84' lang='lat' dir='ltr'>aliarum</span> 
     </span>
     <span class='ocr_line' id='line_1_28' title="bbox 212 2597 1567 2633; baseline -0.002 -1"><span class='ocrx_word' id='word_1_217' title='bbox 212 2598 430 2632; x_wconf 86' lang='lat' dir='ltr'>exactionum</span> <span class='ocrx_word' id='word_1_218' title='bbox 442 2623 1471 2633; x_wconf 70' lang='grc'><strong>.............................................</strong></span> <span class='ocrx_word' id='word_1_219' title='bbox 1525 2597 1567 2629; x_wconf 70' lang='grc'>27</span> 
     </span>
    </p>
   </div>
   <div class='ocr_carea' id='block_1_13' title="bbox 170 2687 1475 2738">
    <p class='ocr_par' dir='ltr' id='par_1_15' title="bbox 170 2687 1475 2738">
     <span class='ocr_line' id='line_1_29' title="bbox 170 2687 1475 2738; baseline 0.001 -17"><span class='ocrx_word' id='word_1_220' title='bbox 170 2687 380 2723; x_wconf 75' lang='lat' dir='ltr'>CAP1TULUM</span> <span class='ocrx_word' id='word_1_221' title='bbox 403 2702 449 2723; x_wconf 88' lang='lat' dir='ltr'>1x.</span> <span class='ocrx_word' id='word_1_222' title='bbox 471 2709 514 2715; x_wconf 89' lang='lat'>—</span> <span class='ocrx_word' id='word_1_223' title='bbox 529 2690 580 2723; x_wconf 92' lang='lat' dir='ltr'>De</span> <span class='ocrx_word' id='word_1_224' title='bbox 601 2690 851 2735; x_wconf 87' lang='lat' dir='ltr'>supplicatione</span> <span class='ocrx_word' id='word_1_225' title='bbox 868 2691 956 2725; x_wconf 88' lang='lat' dir='ltr'>facta</span> <span class='ocrx_word' id='word_1_226' title='bbox 976 2703 1041 2737; x_wconf 84' lang='lat' dir='ltr'>pro</span> <span class='ocrx_word' id='word_1_227' title='bbox 1057 2691 1237 2738; x_wconf 89' lang='lat' dir='ltr'>provincia</span> <span class='ocrx_word' id='word_1_228' title='bbox 1253 2690 1475 2726; x_wconf 79' lang='lat' dir='ltr'>Normanniae</span> 
     </span>
    </p>
   </div>
  </div>
 </body>
</html>
