1923 3020
704 224 847 258 LIBER
876 223 1116 268 QUARTUS.
1537 222 1610 257 333

216 309 542 354 commodiore
567 310 640 355 via
657 327 738 356 eos
762 309 997 355 edomitos
1021 308 1106 354 sibi
1131 308 1368 369 subigere,
1399 317 1539 370 atque
1565 308 1609 352 in

215 385 481 441 seditiosos,
508 396 553 431 et
588 387 880 449 potissimum
915 386 1156 431 seditionis
1191 394 1425 443 auctores,
1460 393 1612 429 tantas

215 478 305 506 suae
326 461 537 523 dignitati
561 463 786 524 irrogatas
811 464 1002 525 injurias
1027 462 1263 507 vindicare
1284 460 1461 525 posset)
1485 476 1613 505 com·

216 538 401 582 modius
445 554 528 600 per
569 540 869 584 Germaniam
908 550 953 584 et
994 556 1099 584 oras
1137 538 1285 584 Rheni
1320 538 1479 601 copias
1509 552 1613 582 suas

214 612 273 658 ad
297 612 396 657 illas
426 612 603 659 Alsatice
641 624 780 659 terras
817 631 955 677 posse
992 614 1227 676 trajicere,
1256 614 1302 658 in
1336 613 1507 676 quibus
1535 612 1613 657 ali-

214 699 481 735 mentorum
507 691 642 752 copia
668 707 919 752 rerumque
938 690 1040 735 usui
1066 689 1174 734 belli
1201 698 1246 734 et
1263 691 1389 751 pacis
1406 705 1615 735 necessa-

212 765 386 810 riarum
411 766 706 811 exuberatio¹
736 775 850 810 erat.
873 765 1015 821 Quod
1045 765 1167 810 sactu
1192 765 1322 811 facile
1354 765 1442 811 sihi
1475 782 1611 829 repu-

212 841 338 888 tabat
370 853 414 888 et
452 843 629 904 absque
665 842 761 887 ullo
794 859 924 904 paene
961 842 1150 903 negotio
1186 858 1321 904 posse
1357 842 1609 905 perficere,

213 919 436 982 copulato
458 919 543 965 sibi
569 919 724 964 favore
757 929 987 964 terrarum
1022 917 1449 981 archiepiscopatus
1480 918 1615 964 Colo-

212 995 411 1053 niensis,
440 1013 581 1059 quein
609 995 786 1057 absque
815 994 1088 1040 difficultate
1112 994 1384 1040 habiturum
1407 994 1614 1040 confide-

211 1071 314 1131 bat,
355 1090 408 1119 ex
449 1073 521 1119 his
565 1090 666 1134 quae
708 1072 1089 1135 archiepiscopus
1129 1071 1280 1115 eidem
1322 1073 1463 1135 paulo
1507 1083 1614 1118 ante

211 1160 516 1211 suggesserat.
546 1149 873 1211 Pei-vulgatum
900 1148 1027 1193 enim
1056 1147 1244 1210 publice
1267 1158 1365 1193 erat
1393 1149 1613 1194 cumdem

212 1226 646 1289 archiepiscopum,
680 1236 730 1271 ut
763 1224 1093 1288 procliviorem
1130 1241 1237 1269 eum
1275 1225 1333 1269 ad
1368 1242 1414 1270 se
1452 1225 1613 1270 defen-

211 1302 422 1348 dendum
443 1314 607 1349 contra
628 1319 737 1347 suos
759 1302 955 1347 rebelles
980 1301 1223 1359 redderet,
1250 1301 1337 1346 sibi
1360 1301 1615 1347 affirmasse

212 1395 416 1443 eumque
445 1381 509 1425 ita
534 1381 580 1424 in
611 1380 752 1425 fidem
782 1396 974 1424 suarum
999 1379 1311 1424 assertionum
1336 1378 1611 1436 adduxisse,

213 1465 262 1500 ut
283 1474 379 1502 non
405 1456 640 1502 dubitaret
660 1457 867 1502 civitates
886 1466 930 1501 et
951 1455 1126 1519 oppida
1149 1455 1351 1501 ecclesiae
1370 1454 1616 1500 Colonien-

210 1533 295 1591 sis,
330 1549 472 1597 quam
512 1536 717 1597 primum
747 1550 855 1578 euin
889 1549 998 1578 cum
1031 1532 1125 1577 suis
1157 1532 1434 1578 adventasse
1469 1532 1616 1594 copiis

210 1626 413 1673 eumque
437 1611 556 1657 velle
591 1627 639 1656 se
672 1611 861 1673 aggredi
893 1627 947 1656 ac
979 1626 1249 1673 expugnare
1286 1610 1612 1674 perviderent,

212 1686 390 1732 nullam
419 1688 459 1733 ei
485 1689 708 1733 facturas²
735 1687 1066 1746 resistentian13
1094 1686 1176 1732 sed
1201 1687 1379 1746 statim,
1410 1702 1507 1731 non
1537 1702 1617 1730 ex-

212 1773 474 1825 spectantes
518 1781 567 1809 se
618 1765 876 1826 expugnari
916 1764 989 1809 vel
1043 1762 1279 1823 obsideri,
1326 1762 1616 1808 deditionem

214 1838 440 1898 facturas,
468 1849 513 1885 et
538 1839 609 1884 his
642 1856 745 1902 qua:
771 1841 834 1885 eis
859 1839 1103 1885 mandaret
1133 1840 1378 1902 parituras.
1414 1838 1553 1894 Quod
1580 1840 1615 1883 si

212 1915 273 1961 ita
309 1917 421 1974 sibi,
463 1917 529 1962 uti
562 1918 608 1961 in
641 1917 854 1962 animum
891 1916 1128 1962 induxisse
1162 1915 1427 1974 videbatur,
1468 1932 1540 1961 res
1574 1917 1615 1962 ei

211 1994 546 2055 processisset,
594 1993 1008 2055 obedientiamque
1053 1992 1251 2038 civitatis
1295 2002 1341 2037 et
1386 2002 1616 2037 terrarum

211 2069 355 2131 ipsius
384 2069 587 2115 ecclesiae
615 2069 908 2115 Coloniensis
931 2079 1095 2114 nactus
1126 2069 1309 2126 fuisset,
1336 2068 1500 2131 procul
1527 2069 1615 2115 du-

212 2143 291 2191 bio
322 2147 428 2192 satis
458 2146 705 2191 verisimile
735 2155 826 2203 est,
856 2162 1003 2208 parvo
1029 2146 1219 2207 negotio
1249 2161 1333 2208 per
1360 2155 1504 2190 terras
1537 2162 1617 2191 ec-

212 2222 360 2268 clesiae
383 2225 666 2287 Moguntinae
694 2222 900 2285 aliasque
925 2222 1249 2280 intermedias,
1284 2223 1495 2285 primum
1529 2222 1616 2269 sihi

212 2309 253 2344 et
277 2301 370 2344 suis
395 2301 480 2345 iter
512 2300 648 2346 fuisse
671 2301 983 2363 aperiturum,
1017 2315 1112 2362 quo
1137 2299 1197 2345 ad
1224 2308 1367 2345 terras
1394 2316 1541 2362 usque
1572 2310 1615 2346 et

211 2393 345 2439 agros
371 2379 729 2440 Argentinenses
752 2386 798 2422 et
822 2376 999 2423 Alsatiae
1019 2375 1319 2439 pervenisset.

278 2456 598 2501 Destinaverat
632 2464 813 2513 autem,
843 2454 879 2499 si
913 2455 1000 2499 iter
1030 2452 1330 2514 hujusmodi,
1367 2454 1431 2498 uti
1463 2470 1615 2516 spera-

267 2631 304 2669 1.
335 2629 562 2667 Exuberatis
578 2628 670 2664 dans
691 2628 724 2664 le
745 2641 814 2664 m5.

265 2694 300 2725 ’2.
335 2691 511 2724 Facturos
530 2688 623 2726 dans
643 2688 675 2724 le
696 2701 764 2724 ms.
