<?xml version="1.0" encoding="UTF-8"?>
<!DOCTYPE html PUBLIC "-//W3C//DTD XHTML 1.0 Transitional//EN"
    "http://www.w3.org/TR/xhtml1/DTD/xhtml1-transitional.dtd">
<html xmlns="http://www.w3.org/1999/xhtml" xml:lang="en" lang="en">
 <head>
  <title>
</title>
<meta http-equiv="Content-Type" content="text/html;charset=utf-8" />
  <meta name='ocr-system' content='tesseract 3.04.00' />
  <meta name='ocr-capabilities' content='ocr_page ocr_carea ocr_par ocr_line ocrx_word'/>
</head>
<body>
  <div class='ocr_page' id='page_1' title='image "./histoiredesrgn02basi_0458.png"; bbox 0 0 1923 3020; ppageno 0'>
   <div class='ocr_carea' id='block_1_1' title="bbox 319 301 1354 341">
    <p class='ocr_par' dir='ltr' id='par_1_1' title="bbox 319 301 1354 341">
     <span class='ocr_line' id='line_1_1' title="bbox 319 301 1354 341; baseline -0.003 -1"><span class='ocrx_word' id='word_1_1' title='bbox 319 307 339 341; x_wconf 87' lang='lat'>3</span> <span class='ocrx_word' id='word_1_2' title='bbox 347 306 392 340; x_wconf 76' lang='lat'>78</span> <span class='ocrx_word' id='word_1_3' title='bbox 675 301 1006 336; x_wconf 80' lang='lat' dir='ltr'>HISTORIARUM</span> <span class='ocrx_word' id='word_1_4' title='bbox 1036 302 1269 337; x_wconf 90' lang='lat' dir='ltr'><strong>LUDOVICI</strong></span> <span class='ocrx_word' id='word_1_5' title='bbox 1299 303 1354 337; x_wconf 86' lang='lat' dir='ltr'>XI</span> 
     </span>
    </p>
   </div>
   <div class='ocr_carea' id='block_1_2' title="bbox 318 388 1714 756">
    <p class='ocr_par' dir='ltr' id='par_1_2' title="bbox 318 388 1714 756">
     <span class='ocr_line' id='line_1_2' title="bbox 382 388 1712 452; baseline 0 -14"><span class='ocrx_word' id='word_1_6' title='bbox 382 393 499 438; x_wconf 85' lang='lat' dir='ltr'>Talis</span> <span class='ocrx_word' id='word_1_7' title='bbox 523 393 676 451; x_wconf 74' lang='lat' dir='ltr'>itaque</span> <span class='ocrx_word' id='word_1_8' title='bbox 700 388 938 433; x_wconf 83' lang='lat' dir='ltr'>Ludovico</span> <span class='ocrx_word' id='word_1_9' title='bbox 962 388 1020 434; x_wconf 88' lang='lat' dir='ltr'>de</span> <span class='ocrx_word' id='word_1_10' title='bbox 1045 388 1371 452; x_wconf 78' lang='lat' dir='ltr'>Luxemburgo</span> <span class='ocrx_word' id='word_1_11' title='bbox 1394 389 1504 452; x_wconf 77' lang='lat' dir='ltr'>(tale</span> <span class='ocrx_word' id='word_1_12' title='bbox 1525 391 1651 436; x_wconf 87' lang='lat' dir='ltr'>enim</span> <span class='ocrx_word' id='word_1_13' title='bbox 1672 394 1712 438; x_wconf 92' lang='lat' dir='ltr'>ei</span> 
     </span>
     <span class='ocr_line' id='line_1_3' title="bbox 321 465 1714 528; baseline 0 -14"><span class='ocrx_word' id='word_1_14' title='bbox 321 485 491 514; x_wconf 84' lang='lat' dir='ltr'>nomen</span> <span class='ocrx_word' id='word_1_15' title='bbox 521 477 564 511; x_wconf 84' lang='lat' dir='ltr'>et</span> <span class='ocrx_word' id='word_1_16' title='bbox 589 465 746 510; x_wconf 89' lang='lat' dir='ltr'>titulus</span> <span class='ocrx_word' id='word_1_17' title='bbox 770 465 997 528; x_wconf 80' lang='lat' dir='ltr'>prosapiae</span> <span class='ocrx_word' id='word_1_18' title='bbox 1021 465 1205 527; x_wconf 83' lang='lat' dir='ltr'>fuerat),</span> <span class='ocrx_word' id='word_1_19' title='bbox 1225 467 1384 512; x_wconf 91' lang='lat' dir='ltr'>comiti</span> <span class='ocrx_word' id='word_1_20' title='bbox 1404 467 1714 514; x_wconf 88' lang='lat' dir='ltr'>Sancti-Pauli</span> 
     </span>
     <span class='ocr_line' id='line_1_4' title="bbox 318 541 1714 605; baseline 0.001 -17"><span class='ocrx_word' id='word_1_21' title='bbox 318 554 361 589; x_wconf 81' lang='lat' dir='ltr'>et</span> <span class='ocrx_word' id='word_1_22' title='bbox 403 543 461 588; x_wconf 82' lang='lat' dir='ltr'>(le</span> <span class='ocrx_word' id='word_1_23' title='bbox 509 544 663 605; x_wconf 71' lang='lat' dir='ltr'>Ligm&#39;,</span> <span class='ocrx_word' id='word_1_24' title='bbox 710 541 1011 605; x_wconf 86' lang='lat' dir='ltr'>pluriumque</span> <span class='ocrx_word' id='word_1_25' title='bbox 1050 543 1283 589; x_wconf 85' lang='lat' dir='ltr'>nobilium</span> <span class='ocrx_word' id='word_1_26' title='bbox 1324 554 1552 591; x_wconf 89' lang='lat' dir='ltr'>terrarum</span> <span class='ocrx_word' id='word_1_27' title='bbox 1596 553 1714 590; x_wconf 89' lang='lat' dir='ltr'>tem—</span> 
     </span>
     <span class='ocr_line' id='line_1_5' title="bbox 320 618 1714 681; baseline 0.003 -19"><span class='ocrx_word' id='word_1_28' title='bbox 320 618 466 681; x_wconf 87' lang='lat' dir='ltr'>porali</span> <span class='ocrx_word' id='word_1_29' title='bbox 492 618 735 680; x_wconf 91' lang='lat' dir='ltr'>quondam</span> <span class='ocrx_word' id='word_1_30' title='bbox 760 618 984 676; x_wconf 79' lang='lat' dir='ltr'>domino,</span> <span class='ocrx_word' id='word_1_31' title='bbox 1017 619 1361 666; x_wconf 82' lang='lat' dir='ltr'>constabulario</span> <span class='ocrx_word' id='word_1_32' title='bbox 1389 621 1612 680; x_wconf 78' lang='lat' dir='ltr'>F1·anciae‚</span> <span class='ocrx_word' id='word_1_33' title='bbox 1647 622 1714 666; x_wconf 90' lang='lat' dir='ltr'>vi-</span> 
     </span>
     <span class='ocr_line' id='line_1_6' title="bbox 318 693 1714 756; baseline 0.004 -18"><span class='ocrx_word' id='word_1_34' title='bbox 318 704 372 739; x_wconf 80' lang='lat' dir='ltr'>1ae</span> <span class='ocrx_word' id='word_1_35' title='bbox 405 694 542 756; x_wconf 88' lang='lat' dir='ltr'>hujus</span> <span class='ocrx_word' id='word_1_36' title='bbox 576 693 681 739; x_wconf 85' lang='lat' dir='ltr'>finis</span> <span class='ocrx_word' id='word_1_37' title='bbox 714 704 854 756; x_wconf 85' lang='lat' dir='ltr'>atque</span> <span class='ocrx_word' id='word_1_38' title='bbox 885 695 1031 741; x_wconf 79' lang='lat' dir='ltr'>exitus</span> <span class='ocrx_word' id='word_1_39' title='bbox 1064 696 1175 754; x_wconf 78' lang='lat' dir='ltr'>fuit,</span> <span class='ocrx_word' id='word_1_40' title='bbox 1215 707 1430 743; x_wconf 88' lang='lat' dir='ltr'>currente</span> <span class='ocrx_word' id='word_1_41' title='bbox 1461 715 1587 744; x_wconf 89' lang='lat' dir='ltr'>anno</span> <span class='ocrx_word' id='word_1_42' title='bbox 1617 701 1714 744; x_wconf 91' lang='lat' dir='ltr'>Do-</span> 
     </span>
    </p>
   </div>
   <div class='ocr_carea' id='block_1_3' title="bbox 318 770 1714 893">
    <p class='ocr_par' dir='ltr' id='par_1_3' title="bbox 318 770 1714 893">
     <span class='ocr_line' id='line_1_7' title="bbox 319 770 1714 830; baseline 0.004 -15"><span class='ocrx_word' id='word_1_43' title='bbox 319 771 433 815; x_wconf 85' lang='lat' dir='ltr'>mini</span> <span class='ocrx_word' id='word_1_44' title='bbox 461 787 813 830; x_wconf 77' lang='lat' dir='ltr'>M.cccc.Lxxv.,</span> <span class='ocrx_word' id='word_1_45' title='bbox 839 770 951 817; x_wconf 90' lang='lat' dir='ltr'>feria</span> <span class='ocrx_word' id='word_1_46' title='bbox 984 773 1117 819; x_wconf 89' lang='lat' dir='ltr'>tertia</span> <span class='ocrx_word' id='word_1_47' title='bbox 1157 783 1264 819; x_wconf 84' lang='lat' dir='ltr'>ante</span> <span class='ocrx_word' id='word_1_48' title='bbox 1303 773 1427 819; x_wconf 90' lang='lat' dir='ltr'>diem</span> <span class='ocrx_word' id='word_1_49' title='bbox 1467 773 1714 820; x_wconf 85' lang='lat' dir='ltr'>dominicae</span> 
     </span>
     <span class='ocr_line' id='line_1_8' title="bbox 318 847 698 893; baseline 0 -2"><span class='ocrx_word' id='word_1_50' title='bbox 318 847 657 893; x_wconf 86' lang='lat' dir='ltr'>Incarnationis</span> <span class='ocrx_word' id='word_1_51' title='bbox 672 849 698 891; x_wconf 89' lang='lat'>¹.</span> 
     </span>
    </p>
   </div>
   <div class='ocr_carea' id='block_1_4' title="bbox 795 1073 1239 1117">
    <p class='ocr_par' dir='ltr' id='par_1_4' title="bbox 795 1073 1239 1117">
     <span class='ocr_line' id='line_1_9' title="bbox 795 1073 1239 1117; baseline 0 0"><span class='ocrx_word' id='word_1_52' title='bbox 795 1073 1128 1117; x_wconf 72' lang='lat' dir='ltr'><strong>CAPITULUM</strong></span> <span class='ocrx_word' id='word_1_53' title='bbox 1163 1075 1239 1117; x_wconf 89' lang='lat' dir='ltr'>lV.</span> 
     </span>
    </p>
   </div>
   <div class='ocr_carea' id='block_1_5' title="bbox 414 1206 1621 1292">
    <p class='ocr_par' dir='ltr' id='par_1_5' title="bbox 414 1206 1621 1292">
     <span class='ocr_line' id='line_1_10' title="bbox 414 1206 1621 1253; baseline 0.002 -15"><span class='ocrx_word' id='word_1_54' title='bbox 414 1206 566 1240; x_wconf 83' lang='lat' dir='ltr'>Invectio</span> <span class='ocrx_word' id='word_1_55' title='bbox 583 1206 739 1251; x_wconf 63' lang='lat' dir='ltr'>quaedam</span> <span class='ocrx_word' id='word_1_56' title='bbox 759 1216 876 1240; x_wconf 88' lang='lat' dir='ltr'>contra</span> <span class='ocrx_word' id='word_1_57' title='bbox 893 1207 1070 1239; x_wconf 74' lang='lat' dir='ltr'>avaritiam</span> <span class='ocrx_word' id='word_1_58' title='bbox 1089 1215 1121 1239; x_wconf 85' lang='lat' dir='ltr'>et</span> <span class='ocrx_word' id='word_1_59' title='bbox 1135 1206 1361 1240; x_wconf 75' lang='lat' dir='ltr'>ambitionem</span> <span class='ocrx_word' id='word_1_60' title='bbox 1378 1209 1621 1253; x_wconf 78' lang='lat' dir='ltr'>temporalium</span> 
     </span>
     <span class='ocr_line' id='line_1_11' title="bbox 923 1260 1112 1292; baseline 0 0"><span class='ocrx_word' id='word_1_61' title='bbox 923 1260 1112 1292; x_wconf 87' lang='lat' dir='ltr'>honorum.</span> 
     </span>
    </p>
   </div>
   <div class='ocr_carea' id='block_1_6' title="bbox 314 1375 1717 2512">
    <p class='ocr_par' dir='ltr' id='par_1_6' title="bbox 314 1375 1717 2512">
     <span class='ocr_line' id='line_1_12' title="bbox 382 1375 1714 1440; baseline 0.002 -20"><span class='ocrx_word' id='word_1_62' title='bbox 382 1377 533 1421; x_wconf 89' lang='lat' dir='ltr'>Potuit</span> <span class='ocrx_word' id='word_1_63' title='bbox 559 1386 715 1421; x_wconf 86' lang='lat' dir='ltr'>autem</span> <span class='ocrx_word' id='word_1_64' title='bbox 743 1376 922 1421; x_wconf 89' lang='lat' dir='ltr'>cunctis</span> <span class='ocrx_word' id='word_1_65' title='bbox 945 1375 1220 1421; x_wconf 77' lang='lat' dir='ltr'>mortalibus</span> <span class='ocrx_word' id='word_1_66' title='bbox 1242 1377 1384 1439; x_wconf 82' lang='lat' dir='ltr'>ipsius</span> <span class='ocrx_word' id='word_1_67' title='bbox 1406 1387 1497 1422; x_wconf 84' lang='lat' dir='ltr'>tarn</span> <span class='ocrx_word' id='word_1_68' title='bbox 1518 1377 1714 1440; x_wconf 88' lang='lat' dir='ltr'>probro-</span> 
     </span>
     <span class='ocr_line' id='line_1_13' title="bbox 315 1452 1711 1514; baseline 0.003 -18"><span class='ocrx_word' id='word_1_69' title='bbox 315 1468 391 1497; x_wconf 85' lang='lat' dir='ltr'>sus</span> <span class='ocrx_word' id='word_1_70' title='bbox 414 1461 553 1514; x_wconf 84' lang='lat' dir='ltr'>atque</span> <span class='ocrx_word' id='word_1_71' title='bbox 580 1452 922 1514; x_wconf 82' lang='lat' dir='ltr'>ignominiosus</span> <span class='ocrx_word' id='word_1_72' title='bbox 941 1462 1135 1498; x_wconf 79' lang='lat' dir='ltr'>eventus</span> <span class='ocrx_word' id='word_1_73' title='bbox 1152 1453 1258 1498; x_wconf 89' lang='lat' dir='ltr'>satis</span> <span class='ocrx_word' id='word_1_74' title='bbox 1282 1453 1570 1499; x_wconf 88' lang='lat' dir='ltr'>documento</span> <span class='ocrx_word' id='word_1_75' title='bbox 1595 1471 1711 1514; x_wconf 84' lang='lat' dir='ltr'>esse,</span> 
     </span>
     <span class='ocr_line' id='line_1_14' title="bbox 317 1528 1716 1592; baseline 0.001 -19"><span class='ocrx_word' id='word_1_76' title='bbox 317 1539 367 1573; x_wconf 91' lang='lat' dir='ltr'>ut</span> <span class='ocrx_word' id='word_1_77' title='bbox 398 1529 444 1573; x_wconf 93' lang='lat' dir='ltr'>in</span> <span class='ocrx_word' id='word_1_78' title='bbox 481 1528 685 1574; x_wconf 87' lang='lat' dir='ltr'>culmine</span> <span class='ocrx_word' id='word_1_79' title='bbox 716 1529 1046 1591; x_wconf 83' lang='lat' dir='ltr'>temporalium</span> <span class='ocrx_word' id='word_1_80' title='bbox 1075 1529 1354 1591; x_wconf 84' lang='lat' dir='ltr'>dignitatum</span> <span class='ocrx_word' id='word_1_81' title='bbox 1380 1530 1451 1576; x_wconf 85' lang='lat' dir='ltr'>vel</span> <span class='ocrx_word' id='word_1_82' title='bbox 1481 1547 1716 1592; x_wconf 90' lang='lat' dir='ltr'>quorum—</span> 
     </span>
     <span class='ocr_line' id='line_1_15' title="bbox 315 1605 1714 1670; baseline 0.001 -20"><span class='ocrx_word' id='word_1_83' title='bbox 315 1621 517 1667; x_wconf 84' lang='lat' dir='ltr'>cumque</span> <span class='ocrx_word' id='word_1_84' title='bbox 539 1615 833 1650; x_wconf 90' lang='lat' dir='ltr'>terrenorum</span> <span class='ocrx_word' id='word_1_85' title='bbox 853 1605 1094 1651; x_wconf 90' lang='lat' dir='ltr'>bonorum</span> <span class='ocrx_word' id='word_1_86' title='bbox 1116 1605 1353 1653; x_wconf 80' lang='lat' dir='ltr'>affluentia</span> <span class='ocrx_word' id='word_1_87' title='bbox 1370 1623 1502 1670; x_wconf 89' lang='lat' dir='ltr'>spem</span> <span class='ocrx_word' id='word_1_88' title='bbox 1521 1607 1714 1652; x_wconf 88' lang='lat' dir='ltr'>minime</span> 
     </span>
     <span class='ocr_line' id='line_1_16' title="bbox 315 1682 1714 1745; baseline 0.001 -19"><span class='ocrx_word' id='word_1_89' title='bbox 315 1692 495 1744; x_wconf 83' lang='lat' dir='ltr'>ponant</span> <span class='ocrx_word' id='word_1_90' title='bbox 515 1683 610 1728; x_wconf 89' lang='lat' dir='ltr'>sive</span> <span class='ocrx_word' id='word_1_91' title='bbox 633 1684 944 1741; x_wconf 80' lang='lat' dir='ltr'>constituant3</span> <span class='ocrx_word' id='word_1_92' title='bbox 966 1699 1238 1745; x_wconf 85' lang='lat' dir='ltr'>quanquam</span> <span class='ocrx_word' id='word_1_93' title='bbox 1255 1692 1299 1728; x_wconf 89' lang='lat' dir='ltr'>et</span> <span class='ocrx_word' id='word_1_94' title='bbox 1316 1682 1375 1728; x_wconf 92' lang='lat' dir='ltr'>de</span> <span class='ocrx_word' id='word_1_95' title='bbox 1394 1683 1714 1729; x_wconf 89' lang='lat' dir='ltr'>innumerabi-</span> 
     </span>
     <span class='ocr_line' id='line_1_17' title="bbox 314 1757 1715 1806; baseline 0.002 -4"><span class='ocrx_word' id='word_1_96' title='bbox 314 1757 434 1803; x_wconf 86' lang='lat' dir='ltr'>libus</span> <span class='ocrx_word' id='word_1_97' title='bbox 457 1758 555 1804; x_wconf 85' lang='lat' dir='ltr'>aliis</span> <span class='ocrx_word' id='word_1_98' title='bbox 576 1759 823 1805; x_wconf 79' lang='lat' dir='ltr'>illustrium</span> <span class='ocrx_word' id='word_1_99' title='bbox 850 1760 1057 1805; x_wconf 81' lang='lat' dir='ltr'>virorum</span> <span class='ocrx_word' id='word_1_100' title='bbox 1083 1776 1136 1805; x_wconf 90' lang='lat' dir='ltr'>ac</span> <span class='ocrx_word' id='word_1_101' title='bbox 1160 1760 1411 1805; x_wconf 84' lang='lat' dir='ltr'>mulierum</span> <span class='ocrx_word' id='word_1_102' title='bbox 1435 1760 1639 1806; x_wconf 88' lang='lat' dir='ltr'>tristibus</span> <span class='ocrx_word' id='word_1_103' title='bbox 1663 1777 1715 1806; x_wconf 90' lang='lat' dir='ltr'>ac</span> 
     </span>
     <span class='ocr_line' id='line_1_18' title="bbox 314 1834 1714 1895; baseline 0.002 -16"><span class='ocrx_word' id='word_1_104' title='bbox 314 1834 538 1880; x_wconf 86' lang='lat' dir='ltr'>luctuosis</span> <span class='ocrx_word' id='word_1_105' title='bbox 559 1835 801 1881; x_wconf 86' lang='lat' dir='ltr'>eventibus</span> <span class='ocrx_word' id='word_1_106' title='bbox 822 1846 865 1882; x_wconf 94' lang='lat' dir='ltr'>et</span> <span class='ocrx_word' id='word_1_107' title='bbox 886 1836 1174 1895; x_wconf 81' lang='lat' dir='ltr'>infortuniis,</span> <span class='ocrx_word' id='word_1_108' title='bbox 1202 1846 1247 1881; x_wconf 91' lang='lat' dir='ltr'>et</span> <span class='ocrx_word' id='word_1_109' title='bbox 1272 1845 1429 1881; x_wconf 80' lang='lat' dir='ltr'>vetera</span> <span class='ocrx_word' id='word_1_110' title='bbox 1444 1873 1454 1893; x_wconf 77' lang='lat'>,</span> <span class='ocrx_word' id='word_1_111' title='bbox 1483 1846 1527 1881; x_wconf 90' lang='lat' dir='ltr'>et</span> <span class='ocrx_word' id='word_1_112' title='bbox 1550 1853 1714 1882; x_wconf 88' lang='lat' dir='ltr'>recen-</span> 
     </span>
     <span class='ocr_line' id='line_1_19' title="bbox 315 1913 1714 1977; baseline 0.001 -20"><span class='ocrx_word' id='word_1_113' title='bbox 315 1913 431 1959; x_wconf 86' lang='lat' dir='ltr'>tiora</span> <span class='ocrx_word' id='word_1_114' title='bbox 455 1914 667 1977; x_wconf 83' lang='lat' dir='ltr'>exempla</span> <span class='ocrx_word' id='word_1_115' title='bbox 695 1923 796 1959; x_wconf 92' lang='lat' dir='ltr'>toto</span> <span class='ocrx_word' id='word_1_116' title='bbox 826 1931 956 1977; x_wconf 79' lang='lat' dir='ltr'>paene</span> <span class='ocrx_word' id='word_1_117' title='bbox 982 1914 1097 1959; x_wconf 91' lang='lat' dir='ltr'>orbe</span> <span class='ocrx_word' id='word_1_118' title='bbox 1121 1923 1350 1960; x_wconf 85' lang='lat' dir='ltr'>terrarum</span> <span class='ocrx_word' id='word_1_119' title='bbox 1373 1913 1563 1976; x_wconf 81' lang='lat' dir='ltr'>copiose</span> <span class='ocrx_word' id='word_1_120' title='bbox 1585 1914 1714 1959; x_wconf 90' lang='lat' dir='ltr'>inve-</span> 
     </span>
     <span class='ocr_line' id='line_1_20' title="bbox 316 1989 1717 2052; baseline 0.001 -19"><span class='ocrx_word' id='word_1_121' title='bbox 316 1989 403 2034; x_wconf 88' lang='lat' dir='ltr'>niri</span> <span class='ocrx_word' id='word_1_122' title='bbox 433 1990 628 2052; x_wconf 85' lang='lat' dir='ltr'>possint.</span> <span class='ocrx_word' id='word_1_123' title='bbox 658 1990 783 2046; x_wconf 88' lang='lat' dir='ltr'>Quid</span> <span class='ocrx_word' id='word_1_124' title='bbox 808 1991 933 2035; x_wconf 87' lang='lat' dir='ltr'>enim</span> <span class='ocrx_word' id='word_1_125' title='bbox 963 1989 1207 2036; x_wconf 86' lang='lat' dir='ltr'>nobilitate</span> <span class='ocrx_word' id='word_1_126' title='bbox 1232 1990 1411 2051; x_wconf 87' lang='lat' dir='ltr'>generis</span> <span class='ocrx_word' id='word_1_127' title='bbox 1436 1990 1524 2034; x_wconf 86' lang='lat' dir='ltr'>isto</span> <span class='ocrx_word' id='word_1_128' title='bbox 1563 1989 1717 2034; x_wconf 90' lang='lat' dir='ltr'>Ludo-</span> 
     </span>
     <span class='ocr_line' id='line_1_21' title="bbox 317 2066 1715 2130; baseline 0.002 -21"><span class='ocrx_word' id='word_1_129' title='bbox 317 2066 420 2111; x_wconf 91' lang='lat' dir='ltr'>vico</span> <span class='ocrx_word' id='word_1_130' title='bbox 439 2076 623 2129; x_wconf 82' lang='lat' dir='ltr'>poterat</span> <span class='ocrx_word' id='word_1_131' title='bbox 640 2067 861 2113; x_wconf 88' lang='lat' dir='ltr'>illustrius</span> <span class='ocrx_word' id='word_1_132' title='bbox 876 2068 1091 2125; x_wconf 81' lang='lat' dir='ltr'>inveniri,</span> <span class='ocrx_word' id='word_1_133' title='bbox 1115 2068 1195 2130; x_wconf 87' lang='lat' dir='ltr'>qui</span> <span class='ocrx_word' id='word_1_134' title='bbox 1213 2067 1271 2112; x_wconf 90' lang='lat' dir='ltr'>de</span> <span class='ocrx_word' id='word_1_135' title='bbox 1288 2067 1453 2111; x_wconf 84' lang='lat' dir='ltr'>illustri</span> <span class='ocrx_word' id='word_1_136' title='bbox 1473 2066 1715 2128; x_wconf 88' lang='lat' dir='ltr'>quondam</span> 
     </span>
     <span class='ocr_line' id='line_1_22' title="bbox 316 2142 1714 2208; baseline 0.001 -21"><span class='ocrx_word' id='word_1_137' title='bbox 316 2142 460 2188; x_wconf 90' lang='lat' dir='ltr'>domo</span> <span class='ocrx_word' id='word_1_138' title='bbox 496 2144 554 2189; x_wconf 88' lang='lat' dir='ltr'>de</span> <span class='ocrx_word' id='word_1_139' title='bbox 593 2144 941 2207; x_wconf 81' lang='lat' dir='ltr'>Luxemburgo‚</span> <span class='ocrx_word' id='word_1_140' title='bbox 981 2145 1040 2191; x_wconf 90' lang='lat' dir='ltr'>de</span> <span class='ocrx_word' id='word_1_141' title='bbox 1078 2161 1171 2208; x_wconf 87' lang='lat' dir='ltr'>qua</span> <span class='ocrx_word' id='word_1_142' title='bbox 1206 2144 1421 2190; x_wconf 83' lang='lat' dir='ltr'>nonnulli</span> <span class='ocrx_word' id='word_1_143' title='bbox 1459 2143 1714 2205; x_wconf 82' lang='lat' dir='ltr'>aliquando</span> 
     </span>
     <span class='ocr_line' id='line_1_23' title="bbox 316 2221 1711 2286; baseline 0.001 -22"><span class='ocrx_word' id='word_1_144' title='bbox 316 2221 455 2265; x_wconf 90' lang='lat' dir='ltr'>etiam</span> <span class='ocrx_word' id='word_1_145' title='bbox 472 2222 530 2267; x_wconf 82' lang='lat' dir='ltr'>ad</span> <span class='ocrx_word' id='word_1_146' title='bbox 552 2222 839 2285; x_wconf 85' lang='lat' dir='ltr'>augustalem</span> <span class='ocrx_word' id='word_1_147' title='bbox 862 2224 1048 2286; x_wconf 84' lang='lat' dir='ltr'>Imperii</span> <span class='ocrx_word' id='word_1_148' title='bbox 1066 2223 1337 2283; x_wconf 87' lang='lat' dir='ltr'>dignitatem</span> <span class='ocrx_word' id='word_1_149' title='bbox 1359 2221 1565 2284; x_wconf 76' lang='lat' dir='ltr'>provecti</span> <span class='ocrx_word' id='word_1_150' title='bbox 1587 2231 1711 2280; x_wconf 87' lang='lat' dir='ltr'>sunt,</span> 
     </span>
     <span class='ocr_line' id='line_1_24' title="bbox 317 2296 1712 2363; baseline 0.002 -22"><span class='ocrx_word' id='word_1_151' title='bbox 317 2296 511 2342; x_wconf 84' lang='lat' dir='ltr'>duxerat</span> <span class='ocrx_word' id='word_1_152' title='bbox 536 2300 805 2361; x_wconf 35' lang='lat' dir='ltr'>originem&amp;</span> <span class='ocrx_word' id='word_1_153' title='bbox 836 2300 1045 2346; x_wconf 87' lang='lat' dir='ltr'>Habebat</span> <span class='ocrx_word' id='word_1_154' title='bbox 1063 2309 1107 2345; x_wconf 91' lang='lat' dir='ltr'>et</span> <span class='ocrx_word' id='word_1_155' title='bbox 1132 2301 1229 2363; x_wconf 88' lang='lat' dir='ltr'>ipse</span> <span class='ocrx_word' id='word_1_156' title='bbox 1247 2308 1433 2361; x_wconf 85' lang='lat' dir='ltr'>neptem</span> <span class='ocrx_word' id='word_1_157' title='bbox 1456 2314 1509 2343; x_wconf 89' lang='lat' dir='ltr'>ex</span> <span class='ocrx_word' id='word_1_158' title='bbox 1534 2314 1712 2354; x_wconf 85' lang='lat' dir='ltr'>sorore,</span> 
     </span>
     <span class='ocr_line' id='line_1_25' title="bbox 318 2373 1715 2439; baseline 0.002 -23"><span class='ocrx_word' id='word_1_159' title='bbox 318 2373 412 2434; x_wconf 88' lang='lat' dir='ltr'>regi</span> <span class='ocrx_word' id='word_1_160' title='bbox 438 2373 690 2419; x_wconf 77' lang='lat' dir='ltr'>moderno3</span> <span class='ocrx_word' id='word_1_161' title='bbox 715 2376 969 2439; x_wconf 80' lang='lat' dir='ltr'>Anglorum</span> <span class='ocrx_word' id='word_1_162' title='bbox 991 2375 1293 2421; x_wconf 75' lang='lat' dir='ltr'>matrimonio</span> <span class='ocrx_word' id='word_1_163' title='bbox 1317 2373 1612 2437; x_wconf 81' lang='lat' dir='ltr'>copulatam3</span> <span class='ocrx_word' id='word_1_164' title='bbox 1641 2390 1715 2419; x_wconf 88' lang='lat' dir='ltr'>re-</span> 
     </span>
     <span class='ocr_line' id='line_1_26' title="bbox 319 2448 1715 2512; baseline 0.001 -19"><span class='ocrx_word' id='word_1_165' title='bbox 319 2448 433 2510; x_wconf 81' lang='lat' dir='ltr'>ginae</span> <span class='ocrx_word' id='word_1_166' title='bbox 459 2466 570 2494; x_wconf 82' lang='lat' dir='ltr'>vero</span> <span class='ocrx_word' id='word_1_167' title='bbox 600 2454 836 2512; x_wconf 60' lang='lat' dir='ltr'>priesentis</span> <span class='ocrx_word' id='word_1_168' title='bbox 863 2456 1150 2498; x_wconf 83' lang='lat' dir='ltr'>Francorum</span> <span class='ocrx_word' id='word_1_169' title='bbox 1175 2467 1386 2497; x_wconf 86' lang='lat' dir='ltr'>sororem</span> <span class='ocrx_word' id='word_1_170' title='bbox 1411 2460 1455 2495; x_wconf 90' lang='lat' dir='ltr'>et</span> <span class='ocrx_word' id='word_1_171' title='bbox 1482 2450 1528 2494; x_wconf 89' lang='lat' dir='ltr'>in</span> <span class='ocrx_word' id='word_1_172' title='bbox 1552 2449 1715 2511; x_wconf 85' lang='lat' dir='ltr'>conju-</span> 
     </span>
    </p>
   </div>
   <div class='ocr_carea' id='block_1_7' title="bbox 371 2590 1715 2701">
    <p class='ocr_par' dir='ltr' id='par_1_7' title="bbox 371 2590 1715 2701">
     <span class='ocr_line' id='line_1_27' title="bbox 372 2590 1305 2630; baseline 0.003 -4"><span class='ocrx_word' id='word_1_173' title='bbox 372 2592 409 2629; x_wconf 82' lang='lat'>1.</span> <span class='ocrx_word' id='word_1_174' title='bbox 440 2590 676 2628; x_wconf 64' lang='lat' dir='ltr'>C&#39;est-a-dire</span> <span class='ocrx_word' id='word_1_175' title='bbox 696 2591 731 2628; x_wconf 86' lang='lat' dir='ltr'>le</span> <span class='ocrx_word' id='word_1_176' title='bbox 752 2592 875 2629; x_wconf 85' lang='lat' dir='ltr'>mardi</span> <span class='ocrx_word' id='word_1_177' title='bbox 896 2596 944 2630; x_wconf 76' lang='lat'>19</span> <span class='ocrx_word' id='word_1_178' title='bbox 965 2593 1166 2630; x_wconf 72' lang='lat' dir='ltr'>decembre</span> <span class='ocrx_word' id='word_1_179' title='bbox 1190 2595 1305 2629; x_wconf 71' lang='lat'>1475.</span> 
     </span>
     <span class='ocr_line' id='line_1_28' title="bbox 371 2649 1715 2701; baseline 0.002 -16"><span class='ocrx_word' id='word_1_180' title='bbox 371 2651 406 2686; x_wconf 76' lang='lat'>2.</span> <span class='ocrx_word' id='word_1_181' title='bbox 441 2649 468 2686; x_wconf 95' lang='lat' dir='ltr'>Il</span> <span class='ocrx_word' id='word_1_182' title='bbox 496 2650 585 2687; x_wconf 74' lang='lat' dir='ltr'>ctait</span> <span class='ocrx_word' id='word_1_183' title='bbox 609 2664 656 2688; x_wconf 92' lang='lat' dir='ltr'>en</span> <span class='ocrx_word' id='word_1_184' title='bbox 677 2652 765 2688; x_wconf 82' lang='lat' dir='ltr'>esset</span> <span class='ocrx_word' id='word_1_185' title='bbox 788 2651 833 2687; x_wconf 81' lang='lat' dir='ltr'>(le</span> <span class='ocrx_word' id='word_1_186' title='bbox 853 2653 887 2689; x_wconf 88' lang='lat' dir='ltr'>la</span> <span class='ocrx_word' id='word_1_187' title='bbox 910 2666 993 2690; x_wconf 84' lang='lat' dir='ltr'>racc</span> <span class='ocrx_word' id='word_1_188' title='bbox 1014 2654 1060 2691; x_wconf 82' lang='lat' dir='ltr'>(le</span> <span class='ocrx_word' id='word_1_189' title='bbox 1080 2667 1121 2691; x_wconf 81' lang='lat' dir='ltr'>ce</span> <span class='ocrx_word' id='word_1_190' title='bbox 1147 2654 1265 2691; x_wconf 86' lang='lat' dir='ltr'>Henri</span> <span class='ocrx_word' id='word_1_191' title='bbox 1282 2653 1328 2690; x_wconf 81' lang='lat' dir='ltr'>&lt;le</span> <span class='ocrx_word' id='word_1_192' title='bbox 1347 2651 1632 2701; x_wconf 88' lang='lat' dir='ltr'>Luxembourg,</span> <span class='ocrx_word' id='word_1_193' title='bbox 1650 2650 1715 2698; x_wconf 90' lang='lat' dir='ltr'>qui</span> 
     </span>
    </p>
   </div>
   <div class='ocr_carea' id='block_1_8' title="bbox 320 2708 1611 2816">
    <p class='ocr_par' dir='ltr' id='par_1_8' title="bbox 320 2708 1611 2816">
     <span class='ocr_line' id='line_1_29' title="bbox 320 2708 1611 2760; baseline 0.002 -17"><span class='ocrx_word' id='word_1_194' title='bbox 320 2708 370 2743; x_wconf 81' lang='lat' dir='ltr'>fut</span> <span class='ocrx_word' id='word_1_195' title='bbox 397 2722 597 2758; x_wconf 82' lang='lat' dir='ltr'>empereur</span> <span class='ocrx_word' id='word_1_196' title='bbox 622 2710 883 2760; x_wconf 83' lang='lat' dir='ltr'>d&#39;Allemagne</span> <span class='ocrx_word' id='word_1_197' title='bbox 903 2725 947 2748; x_wconf 88' lang='lat' dir='ltr'>au</span> <span class='ocrx_word' id='word_1_198' title='bbox 972 2722 1296 2750; x_wconf 71' lang='lat' dir='ltr'>commencement</span> <span class='ocrx_word' id='word_1_199' title='bbox 1314 2713 1363 2749; x_wconf 91' lang='lat' dir='ltr'>du</span> <span class='ocrx_word' id='word_1_200' title='bbox 1389 2720 1467 2748; x_wconf 70' lang='lat' dir='ltr'>xive</span> <span class='ocrx_word' id='word_1_201' title='bbox 1487 2711 1611 2749; x_wconf 72' lang='lat' dir='ltr'>siecle.</span> 
     </span>
     <span class='ocr_line' id='line_1_30' title="bbox 374 2769 989 2816; baseline 0.007 -15"><span class='ocrx_word' id='word_1_202' title='bbox 374 2770 409 2805; x_wconf 78' lang='lat'>3.</span> <span class='ocrx_word' id='word_1_203' title='bbox 444 2771 547 2816; x_wconf 64' lang='lat' dir='ltr'>Regis</span> <span class='ocrx_word' id='word_1_204' title='bbox 570 2771 733 2804; x_wconf 78' lang='lat' dir='ltr'>moderni</span> <span class='ocrx_word' id='word_1_205' title='bbox 754 2769 846 2805; x_wconf 85' lang='lat' dir='ltr'>dans</span> <span class='ocrx_word' id='word_1_206' title='bbox 864 2770 897 2805; x_wconf 83' lang='lat' dir='ltr'>le</span> <span class='ocrx_word' id='word_1_207' title='bbox 922 2783 989 2806; x_wconf 79' lang='lat' dir='ltr'>nis.</span> 
     </span>
    </p>
   </div>
  </div>
 </body>
</html>
