1923 3020
698 279 843 315 LIBER
872 277 1137 316 SECUNDUS.
1547 277 1563 312 1
1575 278 1623 312 55

220 367 516 413 verissimum
539 376 654 413 erat.
683 365 819 411 Unde
842 363 1090 411 consilium
1123 362 1381 421 dederunt,
1406 364 1442 409 si
1465 363 1625 426 hujus·

220 442 351 488 modi
382 442 519 488 vellet
558 442 715 505 fugere
737 440 1023 506 periculum,
1051 449 1282 503 quatenus
1320 440 1378 485 ad
1410 443 1624 486 Pontem-

220 519 407 575 Archae,
427 518 779 578 locumtutum,
807 534 904 563 sese
928 517 1105 579 absque
1130 516 1284 578 aliqua
1308 516 1625 563 retardatione

219 595 464 656 reciperet.
491 594 631 650 Quod
657 595 796 639 etiarn
819 593 1067 639 consilium
1084 591 1315 655 impedire
1339 593 1497 638 conati
1516 604 1625 639 sunt

219 668 461 728 nonnulli,
494 671 573 732 qui
605 670 728 716 circa
765 686 874 716 eum
907 668 1178 725 adstabant,
1206 668 1380 714 scilicet
1402 669 1626 717 dominus

220 745 278 791 de
302 745 442 791 Buez'l
469 756 514 792 et
542 746 764 792 dominus
789 746 847 792 de
876 746 1152 802 Clmmnont,
1177 746 1471 791 securitatem
1493 745 1540 791 in
1567 763 1624 792 eo

219 820 325 866 loco
350 820 455 867 ficte
476 831 520 867 et
539 821 859 868 fraudulenter
879 821 965 867 sibi
991 819 1291 883 pollicente53
1322 821 1403 883 qui
1424 858 1435 878 ,
1458 822 1625 884 procul

219 897 396 956 dubio,
422 898 519 960 jam
549 899 712 944 crediti
749 908 857 944 sunt
893 897 1017 952 doli,
1046 913 1187 959 quem
1214 914 1293 943 rex
1322 898 1626 946 machinaba-

219 983 310 1029 tur,
339 976 515 1021 conscii
550 975 685 1021 fuisse
706 985 846 1037 atque
866 973 1116 1037 participes
1136 976 1162 1018 ¹.
1188 972 1278 1019 Sed
1307 973 1383 1019 ille
1405 975 1625 1039 princeps

219 1051 425 1113 optimus
449 1052 514 1097 eis
537 1051 695 1114 potius
712 1089 722 1109 ,
749 1051 829 1114 qui
852 1050 939 1096 sibi
974 1049 1159 1095 fidelius
1182 1049 1495 1096 consulebant
1511 1087 1522 1108 ‚
1550 1067 1625 1097 ac-

218 1127 395 1189 quievit
422 1137 467 1173 et
506 1127 609 1191 ipso
636 1127 736 1184 die,
769 1136 877 1173 ante
909 1126 1019 1171 solis
1052 1141 1301 1183 occasum,
1340 1125 1468 1188 apud
1500 1129 1625 1172 Pon-

218 1204 503 1250 tem-Archae
539 1205 586 1249 in
621 1213 723 1250 tuto
750 1220 797 1249 se
820 1203 1019 1266 recepit,
1045 1201 1276 1264 rediitque
1300 1204 1515 1265 sequenti
1550 1202 1627 1250 die

220 1281 584 1345 Rothomagum.

283 1360 387 1404 Dux
427 1368 585 1404 autem
615 1357 861 1403 Britanniae
897 1356 1168 1403 Cadomum
1203 1355 1504 1414 transiverat,
1546 1357 1626 1404 ubi

219 1435 464 1498 copiarum
484 1451 676 1480 suarum
695 1450 914 1495 magnam
937 1443 1120 1496 partem
1143 1432 1366 1479 habebat.
1394 1433 1463 1479 Ad
1483 1451 1626 1496 quem

217 1527 327 1556 cum
351 1511 444 1556 dux
472 1514 854 1557 Normannorum
888 1510 1064 1573 legatos
1094 1510 1313 1569 misisset,
1342 1509 1627 1557 sciscitatum

218 1587 448 1650 quidnam
470 1588 568 1651 ipse
591 1588 750 1634 animo
771 1587 986 1650 gestiret,
1017 1596 1061 1632 et
1082 1586 1143 1632 ad
1163 1587 1447 1633 tentandum
1470 1587 1627 1634 adhue

218 1664 256 1709 si
279 1663 339 1709 ad
363 1664 800 1710 reconciliationem
824 1663 1001 1709 inflecti
1018 1672 1194 1727 posset,
1218 1663 1362 1710 iidem
1386 1664 1542 1726 legati,
1566 1665 1627 1711 ad

218 1757 266 1787 se
290 1741 479 1801 reversi,
505 1741 662 1786 omnia
678 1740 736 1786 de
760 1757 817 1786 eo
832 1740 1035 1786 infausta
1056 1749 1101 1786 et
1118 1740 1312 1786 adversa
1324 1741 1621 1786 nuntiarunt.

283 1820 400 1864 Cum
432 1827 590 1864 autem
624 1818 835 1864 rediisset
873 1817 1224 1879 Rothomagum
1262 1817 1357 1863 dux
1384 1821 1626 1863 Norman-

218 1895 332 1953 niae,
369 1895 462 1940 hoc
494 1911 574 1941 rex
613 1895 902 1957 intelligens,
941 1904 985 1940 et
1014 1894 1100 1939 sibi
1130 1895 1323 1940 minime
1360 1894 1420 1941 ad
1459 1905 1626 1941 votum

218 1972 502 2036 processisse
536 1988 652 2033 quas
689 1971 817 2017 fratri
856 1987 943 2016 suo
984 1981 1229 2035 paraverat
1271 1971 1489 2028 insidias,
1524 1989 1626 2018 cer-

218 2064 336 2094 nens
361 2065 523 2094 versus
542 2048 724 2094 bassam
751 2048 1110 2103 Normanniam,
1138 2049 1506 2110 Argentonium²
1529 2050 1626 2112 pri-

273 2223 306 2259 1.
342 2220 569 2258 Accusation
597 2219 686 2257 bien
716 2232 790 2271 peu
819 2219 1016 2270 probable.
1049 2221 1117 2258 Ces
1145 2220 1246 2258 deux
1274 2220 1471 2272 seigneurs
1499 2221 1626 2258 furent

219 2280 285 2318 des
307 2280 363 2318 six
386 2295 593 2332 personnes
610 2281 831 2331 auxquelles
854 2281 968 2319 Louis
986 2284 1040 2318 XI
1060 2282 1185 2319 refusa
1209 2281 1256 2320 de
1276 2282 1495 2333 pardonner
1513 2284 1625 2333 apres

218 2340 253 2377 le
276 2349 522 2378 mouvement
541 2341 588 2379 de
606 2341 640 2378 la
659 2340 904 2378 Normandie.
929 2341 1162 2378 L'irritation
1189 2341 1239 2379 du
1263 2342 1320 2379 roi
1344 2351 1475 2379 contre
1494 2342 1625 2380 Pierre

217 2398 436 2436 d'Amboise
465 2400 539 2436 alla
570 2399 721 2449 jusqu’it
751 2400 843 2437 faire
867 2413 972 2437 raser
996 2401 1030 2438 le
1050 2400 1209 2438 chateau
1232 2401 1278 2439 de
1307 2401 1626 2439 Chaumont-sur-

216 2458 342 2495 Loire.
366 2461 490 2505 Quant
510 2472 558 2495 au
586 2459 764 2509 seigneur
792 2459 839 2496 de
867 2459 971 2497 Beuil
990 2488 1000 2506 ‚
1031 2460 1055 2496 il
1077 2460 1203 2497 venait
1233 2459 1279 2497 de
1309 2459 1525 2497 debaucher
1549 2473 1624 2497 une

217 2517 338 2567 partie
363 2518 428 2555 des
455 2512 624 2555 Ecossziis
652 2518 698 2555 de
722 2519 759 2556 la
786 2518 903 2570 garde
931 2519 981 2556 du
1011 2519 1091 2565 roi,
1122 2522 1238 2569 qu'on
1268 2533 1316 2557 ne
1340 2528 1407 2570 put
1428 2519 1518 2556 faire
1539 2533 1624 2556 ren-

217 2583 293 2613 trer
313 2576 405 2613 dans
425 2576 460 2615 le
477 2577 609 2614 devoir
629 2581 741 2628 qu'en
760 2579 843 2615 leur
861 2578 999 2615 livrant
1018 2578 1184 2618 bataille.
1213 2579 1371 2629 Lenglet
1392 2579 1622 2627 Dusresnoy,

219 2638 438 2685 Comnzz'nes,
461 2645 486 2675 t.
509 2639 564 2682 II,
587 2651 624 2688 p.
647 2640 743 2684 5703
764 2637 981 2688 Chronique
1001 2638 1269 2684 scandaffiuse,
1301 2637 1502 2675 decembre
1521 2640 1622 2675 1465

217 2703 253 2732 et
271 2695 346 2732 mai
370 2697 486 2734 1466.

270 2757 305 2794 Ξ.
340 2758 546 2807 Argentan.
