1923 3020
233 244 308 278 206
595 233 934 273 HISTORIARUM
962 231 1194 267 LUDOVICI
1222 232 1278 267 XI

236 338 377 385 ratas,
405 327 529 370 cives
557 322 702 383 aliqui
731 321 901 366 servati
930 317 1039 363 duci
1073 316 1462 378 Burgundionum
1488 324 1641 361 osten-

236 406 430 459 derunt,
467 401 526 446 de
555 399 714 445 multis
743 408 788 444 et
816 396 996 459 magnis
1021 392 1444 458 pollicitationibus
1467 390 1645 437 eisdem

238 481 369 525 sactis
393 494 477 542 per
498 493 676 539 regem,
702 474 876 538 quibus
896 490 944 519 se
967 472 1027 518 ad
1048 488 1215 517 eorum
1235 470 1484 516 tuitionem
1505 477 1647 531 atque

236 556 564 602 defensionem
610 552 867 599 arctissime
909 548 1255 611 adstringebat3
1300 564 1416 611 quas
1457 557 1645 603 tamen,

237 633 384 679 modo
408 649 553 695 quem
577 630 904 694 praemisimus,
944 644 1087 690 opere
1116 625 1408 689 adimplevit.
1444 628 1532 670 Pro
1555 639 1649 686 qua

238 728 287 756 re
312 727 411 755 non
438 709 585 755 modo
603 744 613 764 ,
640 724 744 771 quae
767 706 969 752 diximus
986 741 997 762 ,
1029 704 1205 768 probra
1229 703 1288 749 ab
1312 703 1423 766 ipsis
1446 702 1646 758 civibus,

239 787 321 833 sed
355 803 410 833 ea
440 786 500 832 ab
534 785 728 831 infinitis
758 784 904 829 ferme
934 783 1065 844 regni
1101 782 1173 827 sui
1202 781 1373 827 accolis
1402 779 1651 826 maledicta

240 865 514 929 reportavit.

309 946 562 1006 Postquam
602 950 759 987 autem
800 942 1092 984 Francorum
1129 954 1209 983 rex
1239 937 1303 982 ita
1341 935 1648 995 abscesserat,

243 1019 635 1081 Burgundionum
651 1017 764 1074 dux,
785 1016 965 1062 cautius
982 1031 1243 1078 praecavere
1257 1029 1427 1059 curans
1444 1030 1587 1076 quam
1604 1014 1651 1059 in

243 1097 451 1142 Dinanto
484 1095 659 1141 factum
683 1094 955 1150 exstitisset,
990 1108 1050 1137 ne
1072 1090 1275 1137 ecclesiae
1302 1099 1345 1135 et
1374 1091 1654 1136 monasteria

245 1183 506 1235 caeteraque
544 1171 646 1216 loca
683 1185 813 1215 sacra
849 1178 893 1213 et
925 1171 1024 1212 Deo
1062 1166 1214 1211 dicata
1250 1166 1491 1211 communi
1526 1166 1655 1212 urbis

246 1251 598 1296 innecterentur
631 1257 772 1310 atque
813 1244 1184 1291 obvolverentur
1225 1242 1471 1301 incendio,
1508 1243 1656 1306 pluri-

248 1345 347 1374 mas
376 1327 497 1373 aedes
531 1326 706 1371 civium
738 1323 1047 1369 circumcirca
1076 1321 1296 1367 ecclesias
1325 1330 1372 1366 et
1395 1337 1525 1367 sacra
1552 1322 1659 1368 loca

247 1406 371 1451 dirui
401 1414 541 1467 atque
572 1401 792 1448 demoliri
828 1400 968 1458 fecit,
1003 1399 1176 1445 relictis
1199 1398 1540 1444 canonicorum
1570 1398 1657 1444 do-

249 1482 431 1540 mibus,
467 1480 765 1526 sacerdotum
788 1494 842 1523 ac
864 1477 1196 1539 religiosorum
1211 1512 1222 1532 ,
1253 1492 1364 1521 cum
1386 1474 1564 1521 aedibus
1586 1491 1660 1521 sa-

250 1561 363 1618 cris,
391 1577 516 1622 quw,
544 1557 581 1604 si
611 1556 747 1602 simul
775 1571 941 1601 omnes
964 1555 1086 1600 intra
1110 1553 1283 1599 moenia
1309 1553 1466 1615 aliqua
1488 1562 1662 1598 coactae

251 1647 423 1694 essent,
442 1653 539 1682 non
559 1651 756 1699 parvam
777 1633 1016 1679 efficerent
1036 1632 1287 1677 civitatem.
1312 1633 1487 1676 Caetera
1504 1640 1662 1676 autem

253 1715 381 1760 urbis
419 1712 617 1760 aedificia
659 1712 756 1774 igni
800 1709 1073 1774 populanda
1122 1707 1328 1771 reliquit.
1376 1707 1663 1770 pertulitque

252 1790 584 1853 hujuscemodi
608 1789 790 1834 cladem
823 1788 924 1851 ipsa
946 1786 1106 1832 civitas
1141 1785 1204 1830 ob
1231 1785 1464 1847 insignem
1491 1785 1665 1830 civium

254 1886 450 1915 suorum
473 1867 740 1932 perfidiam,
765 1865 870 1929 qui,
900 1881 987 1910 nec
1011 1863 1271 1928 promissis,
1298 1878 1385 1908 nec
1408 1862 1572 1908 litteris
1593 1861 1664 1907 vel

255 1945 414 2008 sigil'lis
432 1983 442 2003 ,
483 1962 566 1990 seu
600 1941 904 1989 sacramentis
922 1978 933 1999 ,
976 1956 1133 2002 neque
1163 1939 1303 1984 etiam
1330 1937 1576 1983 obsidibus
1604 1937 1664 1983 ab

256 2024 320 2067 eis
353 2023 577 2086 receptis,
606 2021 868 2083 dirutisque
901 2018 1140 2065 moenibus
1165 2027 1210 2063 et
1234 2017 1375 2063 armis
1407 2017 1501 2062 suis
1530 2015 1667 2062 abla-

258 2101 343 2160 tis,
371 2101 458 2146 sub
485 2100 602 2160 fide,
629 2100 675 2144 in
696 2115 812 2162 pace
836 2107 881 2143 et
904 2095 1268 2158 tranquillitate,
1296 2084 1469 2140 servari
1493 2103 1538 2139 et
1561 2093 1668 2138 reti-

259 2182 360 2226 neri
394 2190 649 2244 potuerant
683 2180 798 2243 quin
821 2215 832 2236 ,
870 2194 1056 2241 semper
1090 2176 1209 2222 suria
1231 2186 1277 2221 et
1300 2175 1430 2221 rabie
1459 2174 1664 2234 invecti,

260 2258 484 2304 omnibns
521 2258 731 2304 finitimis
775 2257 969 2303 exitium
1018 2254 1315 2299 minarentur
1361 2271 1370 2297 z
1409 2252 1537 2313 justo
1583 2251 1669 2296 Dei

255 2335 436 2398 judicio
467 2334 714 2397 [damnati]
739 2333 799 2379 ad
823 2331 1152 2397 perferendam
1177 2331 1466 2394 reciprocam
1491 2328 1668 2374 confla-

262 2413 486 2476 grationis
508 2422 553 2457 et
579 2412 908 2457 incendiorum
930 2411 1107 2464 vicem,
1149 2424 1264 2471 quas
1295 2406 1602 2453 conterminis
1625 2414 1670 2451 et

262 2490 428 2536 vicinis
462 2489 556 2535 suis
580 2498 771 2551 perante
796 2488 1097 2549 injustissime
1122 2486 1401 2542 intulerant,
1437 2501 1545 2530 cum
1572 2483 1670 2545 jam

263 2585 430 2615 eorum
461 2565 680 2612 curandae
712 2564 1084 2627 coliibendaeque
1111 2564 1302 2609 insaniae
1330 2563 1514 2609 nullum
1543 2558 1668 2608 aliud

263 2643 594 2692 medicamenti
619 2658 766 2705 genus
785 2657 1025 2703 superesse
1050 2640 1300 2686 videretur.

333 2726 383 2767 ln
415 2738 511 2784 quo
548 2719 761 2783 profecto
798 2716 1046 2762 illustrium
1076 2718 1345 2780 principum
1375 2714 1668 2777 Burgundio-
