1923 3020
717 267 859 301 LIBER
890 266 1070 301 PRIMUS
1078 295 1085 302 .
1551 265 1599 299 93

203 354 338 399 cione
371 353 525 415 aliqua
559 354 814 416 suscepisse
844 361 1102 415 putaretur,
1129 351 1334 397 duorum
1358 352 1430 396 vel
1457 352 1598 397 trium

203 429 410 474 virorum
463 428 696 473 nobilium
745 428 804 473 de
856 429 964 473 satis
1007 428 1141 473 claris
1181 426 1402 473 domibus
1442 427 1601 473 retulit

203 520 357 563 casus3
385 505 488 566 qui,
516 521 622 549 cum
647 504 878 566 sigillatim
906 514 950 549 et
974 520 1060 567 pro
1085 504 1280 549 diversis
1303 504 1452 549 causis
1474 503 1600 567 ipsos

203 580 581 641 contingentibus
621 597 777 642 regem
813 580 1056 638 adiissent,
1096 581 1174 642 qui
1221 580 1366 625 duros
1410 580 1518 624 satis
1555 589 1600 625 et

202 657 379 702 alienos
397 657 456 702 ab
471 657 762 704 humanitate
785 667 829 703 et
840 658 1016 720 justitia
1034 658 1258 703 terminos
1278 656 1455 703 eisdem
1476 666 1600 703 tene-

204 732 299 791 bat,
327 734 561 797 repulsam
585 751 795 792 suorum,
824 734 1037 796 quamvis
1055 734 1292 794 justorum
1312 750 1366 779 ac
1389 735 1600 779 rationa-

203 808 390 870 bilium,
430 811 773 873 postulatorum
812 819 1111 874 reportarunt
1140 829 1150 854 ε
1181 821 1459 856 annectente
1495 827 1600 872 rege

204 885 474 948 hujusmodi
507 888 798 951 repulsarum
832 902 1019 932 causam
1049 885 1148 931 fore
1184 886 1348 932 odium
1380 888 1509 950 quod
1540 888 1599 933 ad

203 964 423 1008 comitem
447 963 504 1009 de
529 964 785 1023 Clearoloz's,
810 963 1057 1009 dominum
1080 979 1271 1020 corum,
1300 962 1523 1023 haberet3
1550 965 1596 1009 in

203 1038 334 1099 cujus
367 1039 637 1103 despectum
669 1050 714 1085 et
741 1049 1067 1103 contemptum
1100 1039 1208 1085 talia
1245 1055 1271 1084 a
1299 1056 1348 1084 se
1375 1056 1599 1103 responsa

203 1115 452 1175 referrent,
496 1118 656 1180 eique,
701 1127 745 1163 et
783 1134 879 1162 non
920 1117 1021 1173 alii,
1059 1115 1259 1179 proinde
1303 1116 1471 1176 gratias
1512 1116 1598 1163 ha-

203 1189 383 1237 berent.

269 1272 363 1315 Hos
389 1285 543 1328 casus,
573 1271 825 1316 nominatis
851 1269 1085 1333 personis,
1114 1269 1228 1314 locis
1252 1278 1391 1331 atque
1415 1279 1599 1333 tempo-

204 1344 353 1404 ribus,
381 1348 426 1392 in
454 1346 622 1409 quibus
652 1356 696 1392 et
724 1363 831 1392 cum
856 1346 1026 1408 quibus
1048 1356 1234 1391 narrata
1258 1356 1382 1408 gesta
1406 1346 1600 1394 fuissent

203 1431 248 1467 et
266 1423 405 1482 dicta,
426 1423 551 1469 idem
570 1423 792 1469 dominus
810 1439 968 1468 comes
985 1422 1043 1468 de
1063 1422 1304 1467 Clau-oloz's
1320 1423 1364 1468 in
1390 1424 1598 1469 medium

203 1501 377 1553 attulit,
416 1501 553 1547 silens
591 1511 634 1546 et
675 1499 908 1546 subticens
940 1500 1235 1557 vinetorum,
1277 1510 1327 1544 ut
1363 1500 1594 1560 diximus,

203 1576 564 1622 confessionem.

266 1652 371 1697 Tale
403 1653 540 1715 igitur
575 1668 855 1715 responsum
889 1650 1156 1697 habuerunt
1191 1650 1328 1713 legati
1360 1653 1479 1714 regis
1516 1669 1599 1716 per

204 1728 443 1789 praefatum
468 1728 689 1774 comitem
713 1727 772 1773 de
801 1727 1058 1787 Charolois,
1079 1727 1185 1790 qui⁷
1215 1727 1274 1772 de
1299 1726 1491 1790 objectis
1513 1729 1602 1774 sibi

202 1804 491 1861 criminibus,
516 1805 666 1850 taliter
685 1821 733 1850 se
757 1811 1005 1867 purgatum
1027 1820 1108 1849 seu
1130 1803 1377 1849 defensum
1397 1804 1599 1866 legitime

202 1882 397 1942 putavit.
421 1883 690 1926 Manserunt
713 1889 868 1926 autem
890 1880 1035 1925 vincti
1056 1880 1199 1940 longo
1220 1889 1434 1943 tempore
1452 1890 1496 1926 et
1515 1897 1599 1943 per

201 1972 353 2002 annos
398 1957 554 2020 plures
597 1956 684 2002 sub
729 1956 964 2015 custodia3
1009 1955 1181 2019 quibus
1226 1956 1445 2015 tandem⁷
1492 1965 1599 2020 post

202 2033 386 2080 obitum
417 2035 560 2098 patris
591 2034 688 2092 sui,
723 2034 917 2096 gratiam
950 2033 1079 2092 fecit,
1107 2042 1152 2078 et
1179 2032 1354 2079 liberos
1382 2034 1448 2079 ire
1471 2033 1596 2079 idem

203 2126 363 2157 comes
382 2111 607 2175 permisit.

618 2294 954 2338 CAPITULUM
987 2295 1168 2338 XXVII.

199 2422 388 2467 Quomodo
410 2436 469 2457 rex
493 2422 662 2469 plurimos
685 2431 828 2456 conatus
851 2421 1022 2468 impendit
1044 2422 1087 2456 ad
1115 2422 1403 2468 disrumpendum
1421 2423 1549 2458 foedera
1566 2433 1597 2457 et

245 2477 410 2510 amicitias
427 2477 515 2510 inter
533 2475 657 2509 ducem
674 2475 860 2510 Britanniae
879 2483 910 2509 et
932 2475 1093 2510 comitem
1109 2475 1152 2510 de
1174 2477 1360 2518 Clzarolois3
1378 2486 1410 2511 et
1426 2478 1597 2511 invectiva

245 2538 365 2564 contra
385 2529 597 2563 ambitiosos,

263 2649 441 2712 Legatis
476 2649 615 2712 igitur
639 2648 697 2694 ad
731 2664 883 2710 regem
919 2648 1115 2693 reversis
1140 2658 1207 2707 et,
1238 2665 1341 2710 quae
1372 2648 1592 2708 egissent,

199 2727 283 2772 sibi
314 2726 623 2773 referentibus
652 2735 697 2771 et
732 2724 1134 2783 renuntiantibus,
1164 2726 1263 2788 ipse
1294 2742 1436 2770 omne
1465 2727 1594 2788 inge-
