<?xml version="1.0" encoding="UTF-8"?>
<!DOCTYPE html PUBLIC "-//W3C//DTD XHTML 1.0 Transitional//EN"
    "http://www.w3.org/TR/xhtml1/DTD/xhtml1-transitional.dtd">
<html xmlns="http://www.w3.org/1999/xhtml" xml:lang="en" lang="en">
 <head>
  <title>
</title>
<meta http-equiv="Content-Type" content="text/html;charset=utf-8" />
  <meta name='ocr-system' content='tesseract 3.04.00' />
  <meta name='ocr-capabilities' content='ocr_page ocr_carea ocr_par ocr_line ocrx_word'/>
</head>
<body>
  <div class='ocr_page' id='page_1' title='image "./histoiredesrgn02basi_0171.png"; bbox 0 0 1923 3020; ppageno 0'>
   <div class='ocr_carea' id='block_1_1' title="bbox 729 272 1600 309">
    <p class='ocr_par' dir='ltr' id='par_1_1' title="bbox 729 272 1600 309">
     <span class='ocr_line' id='line_1_1' title="bbox 729 272 1600 309; baseline -0.006 -1"><span class='ocrx_word' id='word_1_1' title='bbox 729 274 871 308; x_wconf 86' lang='lat' dir='ltr'>LIBER</span> <span class='ocrx_word' id='word_1_2' title='bbox 897 272 1091 307; x_wconf 66' lang='lat' dir='ltr'><strong>PRIMUS.</strong></span> <span class='ocrx_word' id='word_1_3' title='bbox 1561 276 1600 309; x_wconf 84' lang='lat'>91</span> 
     </span>
    </p>
   </div>
   <div class='ocr_carea' id='block_1_2' title="bbox 211 358 1613 2485">
    <p class='ocr_par' dir='ltr' id='par_1_2' title="bbox 211 358 1613 2485">
     <span class='ocr_line' id='line_1_2' title="bbox 218 358 1608 424; baseline -0.001 -17"><span class='ocrx_word' id='word_1_4' title='bbox 218 371 304 417; x_wconf 89' lang='lat' dir='ltr'>tos,</span> <span class='ocrx_word' id='word_1_5' title='bbox 330 360 454 406; x_wconf 87' lang='lat' dir='ltr'>dicto</span> <span class='ocrx_word' id='word_1_6' title='bbox 475 360 532 406; x_wconf 91' lang='lat' dir='ltr'>de</span> <span class='ocrx_word' id='word_1_7' title='bbox 558 360 813 405; x_wconf 70' lang='lat' dir='ltr'>Mormllier</span> <span class='ocrx_word' id='word_1_8' title='bbox 836 358 1032 406; x_wconf 86' lang='lat' dir='ltr'>verbum</span> <span class='ocrx_word' id='word_1_9' title='bbox 1055 359 1267 417; x_wconf 83' lang='lat' dir='ltr'><strong>faciente,</strong></span> <span class='ocrx_word' id='word_1_10' title='bbox 1297 359 1421 424; x_wconf 88' lang='lat' dir='ltr'>apud</span> <span class='ocrx_word' id='word_1_11' title='bbox 1441 359 1608 405; x_wconf 87' lang='lat' dir='ltr'>ducem</span> 
     </span>
     <span class='ocr_line' id='line_1_3' title="bbox 216 436 1609 500; baseline 0.001 -18"><span class='ocrx_word' id='word_1_12' title='bbox 216 436 509 500; x_wconf 77' lang='lat' dir='ltr'>Burgundiae,</span> <span class='ocrx_word' id='word_1_13' title='bbox 538 438 582 482; x_wconf 89' lang='lat' dir='ltr'>in</span> <span class='ocrx_word' id='word_1_14' title='bbox 610 436 787 500; x_wconf 87' lang='lat' dir='ltr'>oppido</span> <span class='ocrx_word' id='word_1_15' title='bbox 821 453 907 481; x_wconf 90' lang='lat' dir='ltr'>suo</span> <span class='ocrx_word' id='word_1_16' title='bbox 943 437 1171 482; x_wconf 88' lang='lat' dir='ltr'>Insulensi</span> <span class='ocrx_word' id='word_1_17' title='bbox 1194 437 1490 483; x_wconf 77' lang='lat' dir='ltr'>exsistentem</span> <span class='ocrx_word' id='word_1_18' title='bbox 1517 453 1609 483; x_wconf 89' lang='lat' dir='ltr'>una</span> 
     </span>
     <span class='ocr_line' id='line_1_4' title="bbox 215 511 1611 575; baseline -0.001 -16"><span class='ocrx_word' id='word_1_19' title='bbox 215 530 323 559; x_wconf 89' lang='lat' dir='ltr'>cum</span> <span class='ocrx_word' id='word_1_20' title='bbox 348 512 537 575; x_wconf 74' lang='lat' dir='ltr'>pra‘fato</span> <span class='ocrx_word' id='word_1_21' title='bbox 562 513 732 559; x_wconf 80' lang='lat' dir='ltr'>comite</span> <span class='ocrx_word' id='word_1_22' title='bbox 761 513 819 558; x_wconf 92' lang='lat' dir='ltr'>de</span> <span class='ocrx_word' id='word_1_23' title='bbox 851 512 1111 571; x_wconf 76' lang='lat' dir='ltr'>Clzaroloz&#39;s,</span> <span class='ocrx_word' id='word_1_24' title='bbox 1143 511 1240 556; x_wconf 90' lang='lat' dir='ltr'>filio</span> <span class='ocrx_word' id='word_1_25' title='bbox 1269 529 1380 569; x_wconf 91' lang='lat' dir='ltr'>suo,</span> <span class='ocrx_word' id='word_1_26' title='bbox 1412 513 1611 575; x_wconf 87' lang='lat' dir='ltr'>graviter</span> 
     </span>
     <span class='ocr_line' id='line_1_5' title="bbox 214 588 1608 652; baseline -0.001 -17"><span class='ocrx_word' id='word_1_27' title='bbox 214 590 273 636; x_wconf 91' lang='lat' dir='ltr'>de</span> <span class='ocrx_word' id='word_1_28' title='bbox 305 588 472 634; x_wconf 90' lang='lat' dir='ltr'>eodem</span> <span class='ocrx_word' id='word_1_29' title='bbox 509 590 700 647; x_wconf 79' lang='lat' dir='ltr'>comite,</span> <span class='ocrx_word' id='word_1_30' title='bbox 738 598 834 634; x_wconf 88' lang='lat' dir='ltr'>tum</span> <span class='ocrx_word' id='word_1_31' title='bbox 871 598 1116 652; x_wconf 81' lang='lat' dir='ltr'>praesente,</span> <span class='ocrx_word' id='word_1_32' title='bbox 1155 588 1471 651; x_wconf 76' lang='lat' dir='ltr'>querebatur:</span> <span class='ocrx_word' id='word_1_33' title='bbox 1500 606 1608 635; x_wconf 89' lang='lat' dir='ltr'>eum</span> 
     </span>
     <span class='ocr_line' id='line_1_6' title="bbox 214 665 1608 730; baseline 0.001 -19"><span class='ocrx_word' id='word_1_34' title='bbox 214 666 420 711; x_wconf 83' lang='lat' dir='ltr'>criminis</span> <span class='ocrx_word' id='word_1_35' title='bbox 441 665 554 710; x_wconf 78' lang='lat' dir='ltr'>laesae</span> <span class='ocrx_word' id='word_1_36' title='bbox 579 666 825 727; x_wconf 76' lang='lat' dir='ltr'>majestatis</span> <span class='ocrx_word' id='word_1_37' title='bbox 845 675 1004 728; x_wconf 87' lang='lat' dir='ltr'>aperte</span> <span class='ocrx_word' id='word_1_38' title='bbox 1026 665 1320 721; x_wconf 85' lang='lat' dir='ltr'>insimulans,</span> <span class='ocrx_word' id='word_1_39' title='bbox 1345 666 1474 728; x_wconf 90' lang='lat' dir='ltr'>quod</span> <span class='ocrx_word' id='word_1_40' title='bbox 1495 683 1608 730; x_wconf 68' lang='lat' dir='ltr'>pra?-</span> 
     </span>
     <span class='ocr_line' id='line_1_7' title="bbox 215 741 1611 805; baseline 0.001 -19"><span class='ocrx_word' id='word_1_41' title='bbox 215 742 359 787; x_wconf 82' lang='lat' dir='ltr'>fatum</span> <span class='ocrx_word' id='word_1_42' title='bbox 384 741 656 786; x_wconf 83' lang='lat' dir='ltr'>Bastardum</span> <span class='ocrx_word' id='word_1_43' title='bbox 680 742 737 787; x_wconf 88' lang='lat' dir='ltr'>de</span> <span class='ocrx_word' id='word_1_44' title='bbox 759 741 1231 804; x_wconf 74' lang='lat' dir='ltr'>Rubempre&#39;suosque</span> <span class='ocrx_word' id='word_1_45' title='bbox 1255 743 1466 800; x_wconf 85' lang='lat' dir='ltr'>comites,</span> <span class='ocrx_word' id='word_1_46' title='bbox 1493 743 1611 805; x_wconf 87' lang='lat' dir='ltr'>regis</span> 
     </span>
     <span class='ocr_line' id='line_1_8' title="bbox 214 817 1611 882; baseline 0.003 -21"><span class='ocrx_word' id='word_1_47' title='bbox 214 818 458 862; x_wconf 81' lang='lat' dir='ltr'>servitores</span> <span class='ocrx_word' id='word_1_48' title='bbox 492 826 537 862; x_wconf 90' lang='lat' dir='ltr'>et</span> <span class='ocrx_word' id='word_1_49' title='bbox 569 818 759 877; x_wconf 86' lang='lat' dir='ltr'>missos,</span> <span class='ocrx_word' id='word_1_50' title='bbox 797 827 1021 863; x_wconf 90' lang='lat' dir='ltr'>arrestare</span> <span class='ocrx_word' id='word_1_51' title='bbox 1051 826 1095 861; x_wconf 92' lang='lat' dir='ltr'>et</span> <span class='ocrx_word' id='word_1_52' title='bbox 1127 817 1174 862; x_wconf 91' lang='lat' dir='ltr'>in</span> <span class='ocrx_word' id='word_1_53' title='bbox 1207 834 1441 863; x_wconf 80' lang='lat' dir='ltr'>carcerem</span> <span class='ocrx_word' id='word_1_54' title='bbox 1471 829 1611 882; x_wconf 87' lang='lat' dir='ltr'>atque</span> 
     </span>
     <span class='ocr_line' id='line_1_9' title="bbox 214 893 1611 958; baseline 0.002 -20"><span class='ocrx_word' id='word_1_55' title='bbox 214 894 398 939; x_wconf 85' lang='lat' dir='ltr'>vincula</span> <span class='ocrx_word' id='word_1_56' title='bbox 422 894 603 939; x_wconf 89' lang='lat' dir='ltr'>mittere</span> <span class='ocrx_word' id='word_1_57' title='bbox 626 895 1011 958; x_wconf 68' lang='lat' dir='ltr'>prfrsumpsisset3</span> <span class='ocrx_word' id='word_1_58' title='bbox 1035 910 1082 939; x_wconf 85' lang='lat' dir='ltr'>se</span> <span class='ocrx_word' id='word_1_59' title='bbox 1103 893 1344 940; x_wconf 83' lang='lat' dir='ltr'>subditum</span> <span class='ocrx_word' id='word_1_60' title='bbox 1367 912 1419 941; x_wconf 89' lang='lat' dir='ltr'>ac</span> <span class='ocrx_word' id='word_1_61' title='bbox 1440 897 1611 942; x_wconf 74' lang='lat' dir='ltr'>vassal-</span> 
     </span>
     <span class='ocr_line' id='line_1_10' title="bbox 214 969 1610 1033; baseline 0.002 -19"><span class='ocrx_word' id='word_1_62' title='bbox 214 969 311 1014; x_wconf 82' lang='lat' dir='ltr'>lum</span> <span class='ocrx_word' id='word_1_63' title='bbox 335 971 451 1031; x_wconf 87' lang='lat' dir='ltr'>regis</span> <span class='ocrx_word' id='word_1_64' title='bbox 475 987 726 1031; x_wconf 79' lang='lat' dir='ltr'>agnoscere</span> <span class='ocrx_word' id='word_1_65' title='bbox 751 970 944 1026; x_wconf 87' lang='lat' dir='ltr'>debere,</span> <span class='ocrx_word' id='word_1_66' title='bbox 974 980 1038 1027; x_wconf 90' lang='lat' dir='ltr'>et,</span> <span class='ocrx_word' id='word_1_67' title='bbox 1068 986 1151 1032; x_wconf 90' lang='lat' dir='ltr'>per</span> <span class='ocrx_word' id='word_1_68' title='bbox 1175 970 1288 1026; x_wconf 85' lang='lat' dir='ltr'>hoc,</span> <span class='ocrx_word' id='word_1_69' title='bbox 1313 980 1488 1017; x_wconf 82' lang='lat' dir='ltr'>tantam</span> <span class='ocrx_word' id='word_1_70' title='bbox 1517 973 1610 1033; x_wconf 90' lang='lat' dir='ltr'>regi</span> 
     </span>
     <span class='ocr_line' id='line_1_11' title="bbox 215 1046 1612 1110; baseline 0.002 -20"><span class='ocrx_word' id='word_1_71' title='bbox 215 1055 258 1090; x_wconf 83' lang='lat' dir='ltr'>et</span> <span class='ocrx_word' id='word_1_72' title='bbox 292 1046 488 1091; x_wconf 87' lang='lat' dir='ltr'>domino</span> <span class='ocrx_word' id='word_1_73' title='bbox 515 1063 599 1091; x_wconf 87' lang='lat' dir='ltr'>suo</span> <span class='ocrx_word' id='word_1_74' title='bbox 625 1063 844 1110; x_wconf 85' lang='lat' dir='ltr'>supremo</span> <span class='ocrx_word' id='word_1_75' title='bbox 874 1047 1089 1108; x_wconf 74' lang='lat' dir='ltr'>injuriam</span> <span class='ocrx_word' id='word_1_76' title='bbox 1115 1047 1343 1107; x_wconf 79' lang='lat' dir='ltr'>irrogare,</span> <span class='ocrx_word' id='word_1_77' title='bbox 1374 1057 1422 1091; x_wconf 92' lang='lat' dir='ltr'>ut</span> <span class='ocrx_word' id='word_1_78' title='bbox 1448 1048 1612 1093; x_wconf 84' lang='lat' dir='ltr'>missos</span> 
     </span>
     <span class='ocr_line' id='line_1_12' title="bbox 213 1124 1611 1185; baseline 0.002 -18"><span class='ocrx_word' id='word_1_79' title='bbox 213 1140 322 1168; x_wconf 88' lang='lat' dir='ltr'>suos</span> <span class='ocrx_word' id='word_1_80' title='bbox 352 1125 398 1168; x_wconf 90' lang='lat' dir='ltr'>in</span> <span class='ocrx_word' id='word_1_81' title='bbox 430 1141 662 1170; x_wconf 89' lang='lat' dir='ltr'>carcerem</span> <span class='ocrx_word' id='word_1_82' title='bbox 691 1135 734 1170; x_wconf 90' lang='lat' dir='ltr'>et</span> <span class='ocrx_word' id='word_1_83' title='bbox 766 1125 952 1170; x_wconf 78' lang='lat' dir='ltr'>vincula</span> <span class='ocrx_word' id='word_1_84' title='bbox 983 1124 1261 1185; x_wconf 87' lang='lat' dir='ltr'>conjiceret,</span> <span class='ocrx_word' id='word_1_85' title='bbox 1296 1125 1491 1170; x_wconf 90' lang='lat' dir='ltr'>minime</span> <span class='ocrx_word' id='word_1_86' title='bbox 1525 1125 1611 1170; x_wconf 86' lang='lat' dir='ltr'>sibi</span> 
     </span>
     <span class='ocr_line' id='line_1_13' title="bbox 213 1200 1610 1264; baseline 0.003 -21"><span class='ocrx_word' id='word_1_87' title='bbox 213 1209 440 1246; x_wconf 82' lang='lat' dir='ltr'>attentare</span> <span class='ocrx_word' id='word_1_88' title='bbox 464 1202 662 1246; x_wconf 88' lang='lat' dir='ltr'>licuisse.</span> <span class='ocrx_word' id='word_1_89' title='bbox 687 1201 873 1245; x_wconf 84' lang='lat' dir='ltr'>Diluere</span> <span class='ocrx_word' id='word_1_90' title='bbox 899 1210 1053 1246; x_wconf 88' lang='lat' dir='ltr'>autem</span> <span class='ocrx_word' id='word_1_91' title='bbox 1078 1200 1274 1245; x_wconf 87' lang='lat' dir='ltr'>studens</span> <span class='ocrx_word' id='word_1_92' title='bbox 1295 1201 1610 1264; x_wconf 82' lang='lat' dir='ltr'>suspicionem</span> 
     </span>
     <span class='ocr_line' id='line_1_14' title="bbox 213 1277 1613 1341; baseline 0.002 -20"><span class='ocrx_word' id='word_1_93' title='bbox 213 1277 510 1333; x_wconf 80' lang='lat' dir='ltr'>insidiarum,</span> <span class='ocrx_word' id='word_1_94' title='bbox 539 1279 597 1324; x_wconf 93' lang='lat' dir='ltr'>de</span> <span class='ocrx_word' id='word_1_95' title='bbox 621 1295 711 1341; x_wconf 85' lang='lat' dir='ltr'>qua</span> <span class='ocrx_word' id='word_1_96' title='bbox 739 1279 1004 1323; x_wconf 87' lang='lat' dir='ltr'>communis</span> <span class='ocrx_word' id='word_1_97' title='bbox 1032 1277 1206 1339; x_wconf 89' lang='lat' dir='ltr'>ubique</span> <span class='ocrx_word' id='word_1_98' title='bbox 1233 1294 1387 1323; x_wconf 90' lang='lat' dir='ltr'>sermo</span> <span class='ocrx_word' id='word_1_99' title='bbox 1413 1288 1613 1341; x_wconf 87' lang='lat' dir='ltr'>perstre-</span> 
     </span>
     <span class='ocr_line' id='line_1_15' title="bbox 214 1353 1610 1418; baseline 0.002 -20"><span class='ocrx_word' id='word_1_100' title='bbox 214 1353 375 1416; x_wconf 88' lang='lat' dir='ltr'>pebat,</span> <span class='ocrx_word' id='word_1_101' title='bbox 403 1354 585 1400; x_wconf 91' lang='lat' dir='ltr'>dicebat</span> <span class='ocrx_word' id='word_1_102' title='bbox 608 1355 822 1418; x_wconf 81' lang='lat' dir='ltr'>praefatos</span> <span class='ocrx_word' id='word_1_103' title='bbox 848 1371 943 1399; x_wconf 90' lang='lat' dir='ltr'>non</span> <span class='ocrx_word' id='word_1_104' title='bbox 967 1354 1026 1399; x_wconf 87' lang='lat' dir='ltr'>ad</span> <span class='ocrx_word' id='word_1_105' title='bbox 1052 1354 1508 1417; x_wconf 88' lang='lat' dir='ltr'>apprehendendum</span> <span class='ocrx_word' id='word_1_106' title='bbox 1532 1372 1610 1401; x_wconf 90' lang='lat' dir='ltr'>co-</span> 
     </span>
     <span class='ocr_line' id='line_1_16' title="bbox 213 1430 1610 1493; baseline 0.001 -18"><span class='ocrx_word' id='word_1_107' title='bbox 213 1431 374 1475; x_wconf 89' lang='lat' dir='ltr'>mitem</span> <span class='ocrx_word' id='word_1_108' title='bbox 413 1431 472 1475; x_wconf 86' lang='lat' dir='ltr'>de</span> <span class='ocrx_word' id='word_1_109' title='bbox 514 1431 777 1486; x_wconf 74' lang='lat' dir='ltr'>Clmrolois,</span> <span class='ocrx_word' id='word_1_110' title='bbox 823 1447 903 1476; x_wconf 92' lang='lat' dir='ltr'>seu</span> <span class='ocrx_word' id='word_1_111' title='bbox 948 1430 1207 1493; x_wconf 87' lang='lat' dir='ltr'>quidquam</span> <span class='ocrx_word' id='word_1_112' title='bbox 1246 1431 1288 1475; x_wconf 92' lang='lat' dir='ltr'>ei</span> <span class='ocrx_word' id='word_1_113' title='bbox 1340 1431 1610 1477; x_wconf 88' lang='lat' dir='ltr'>nocendum</span> 
     </span>
     <span class='ocr_line' id='line_1_17' title="bbox 213 1507 1611 1570; baseline 0.001 -19"><span class='ocrx_word' id='word_1_114' title='bbox 213 1507 351 1552; x_wconf 85' lang='lat' dir='ltr'>fuisse</span> <span class='ocrx_word' id='word_1_115' title='bbox 391 1507 647 1552; x_wconf 82' lang='lat' dir='ltr'>destinatos</span> <span class='ocrx_word' id='word_1_116' title='bbox 687 1524 770 1570; x_wconf 83' lang='lat' dir='ltr'>per</span> <span class='ocrx_word' id='word_1_117' title='bbox 810 1524 994 1568; x_wconf 79' lang='lat' dir='ltr'>regem3</span> <span class='ocrx_word' id='word_1_118' title='bbox 1043 1507 1121 1552; x_wconf 90' lang='lat' dir='ltr'>sed</span> <span class='ocrx_word' id='word_1_119' title='bbox 1164 1508 1273 1568; x_wconf 90' lang='lat' dir='ltr'>quia</span> <span class='ocrx_word' id='word_1_120' title='bbox 1319 1517 1492 1553; x_wconf 88' lang='lat' dir='ltr'>certam</span> <span class='ocrx_word' id='word_1_121' title='bbox 1534 1524 1611 1553; x_wconf 84' lang='lat' dir='ltr'>rex</span> 
     </span>
     <span class='ocr_line' id='line_1_18' title="bbox 212 1584 1612 1647; baseline 0.001 -18"><span class='ocrx_word' id='word_1_122' title='bbox 212 1584 414 1630; x_wconf 83' lang='lat' dir='ltr'>habebat</span> <span class='ocrx_word' id='word_1_123' title='bbox 443 1585 654 1629; x_wconf 88' lang='lat' dir='ltr'>notitiam</span> <span class='ocrx_word' id='word_1_124' title='bbox 680 1584 807 1646; x_wconf 86' lang='lat' dir='ltr'>quod</span> <span class='ocrx_word' id='word_1_125' title='bbox 833 1584 926 1629; x_wconf 84' lang='lat' dir='ltr'>‹lux</span> <span class='ocrx_word' id='word_1_126' title='bbox 952 1584 1198 1629; x_wconf 69' lang='lat' dir='ltr'>Britanniae</span> <span class='ocrx_word' id='word_1_127' title='bbox 1220 1584 1406 1630; x_wconf 86' lang='lat' dir='ltr'>miserat</span> <span class='ocrx_word' id='word_1_128' title='bbox 1429 1584 1612 1647; x_wconf 90' lang='lat' dir='ltr'>aliquos</span> 
     </span>
     <span class='ocr_line' id='line_1_19' title="bbox 213 1660 1612 1724; baseline 0.001 -20"><span class='ocrx_word' id='word_1_129' title='bbox 213 1660 270 1704; x_wconf 91' lang='lat' dir='ltr'>de</span> <span class='ocrx_word' id='word_1_130' title='bbox 303 1661 397 1705; x_wconf 88' lang='lat' dir='ltr'>suis</span> <span class='ocrx_word' id='word_1_131' title='bbox 430 1661 476 1705; x_wconf 91' lang='lat' dir='ltr'>in</span> <span class='ocrx_word' id='word_1_132' title='bbox 511 1660 745 1721; x_wconf 77' lang='lat' dir='ltr'>Angliam,</span> <span class='ocrx_word' id='word_1_133' title='bbox 781 1661 995 1722; x_wconf 78' lang='lat' dir='ltr'>quaedam</span> <span class='ocrx_word' id='word_1_134' title='bbox 1031 1661 1077 1705; x_wconf 89' lang='lat' dir='ltr'>in</span> <span class='ocrx_word' id='word_1_135' title='bbox 1111 1677 1248 1706; x_wconf 87' lang='lat' dir='ltr'>suum</span> <span class='ocrx_word' id='word_1_136' title='bbox 1284 1662 1509 1724; x_wconf 83' lang='lat' dir='ltr'>regnique</span> <span class='ocrx_word' id='word_1_137' title='bbox 1543 1662 1612 1706; x_wconf 92' lang='lat' dir='ltr'>sui</span> 
     </span>
     <span class='ocr_line' id='line_1_20' title="bbox 212 1737 1611 1801; baseline 0.001 -20"><span class='ocrx_word' id='word_1_138' title='bbox 212 1737 532 1799; x_wconf 68' lang='lat' dir='ltr'>praejudicium</span> <span class='ocrx_word' id='word_1_139' title='bbox 564 1737 810 1782; x_wconf 88' lang='lat' dir='ltr'>molituros</span> <span class='ocrx_word' id='word_1_140' title='bbox 840 1739 939 1800; x_wconf 79' lang='lat' dir='ltr'>(qui</span> <span class='ocrx_word' id='word_1_141' title='bbox 971 1737 1029 1782; x_wconf 79' lang='lat' dir='ltr'>(le</span> <span class='ocrx_word' id='word_1_142' title='bbox 1055 1738 1271 1801; x_wconf 80' lang='lat' dir='ltr'>proximo</span> <span class='ocrx_word' id='word_1_143' title='bbox 1304 1738 1413 1783; x_wconf 91' lang='lat' dir='ltr'>inde</span> <span class='ocrx_word' id='word_1_144' title='bbox 1441 1739 1611 1785; x_wconf 72' lang='lat' dir='ltr'>reverti</span> 
     </span>
     <span class='ocr_line' id='line_1_21' title="bbox 213 1813 1611 1876; baseline 0.001 -19"><span class='ocrx_word' id='word_1_145' title='bbox 213 1813 462 1871; x_wconf 85' lang='lat' dir='ltr'>deberent,</span> <span class='ocrx_word' id='word_1_146' title='bbox 492 1824 535 1858; x_wconf 88' lang='lat' dir='ltr'>et</span> <span class='ocrx_word' id='word_1_147' title='bbox 558 1830 642 1876; x_wconf 87' lang='lat' dir='ltr'>per</span> <span class='ocrx_word' id='word_1_148' title='bbox 665 1814 884 1859; x_wconf 87' lang='lat' dir='ltr'>comitem</span> <span class='ocrx_word' id='word_1_149' title='bbox 906 1814 964 1859; x_wconf 93' lang='lat' dir='ltr'>de</span> <span class='ocrx_word' id='word_1_150' title='bbox 989 1814 1231 1859; x_wconf 72' lang='lat' dir='ltr'>Clearolois</span> <span class='ocrx_word' id='word_1_151' title='bbox 1251 1816 1296 1859; x_wconf 92' lang='lat' dir='ltr'>in</span> <span class='ocrx_word' id='word_1_152' title='bbox 1324 1815 1611 1859; x_wconf 84' lang='lat' dir='ltr'>Britanniam</span> 
     </span>
     <span class='ocr_line' id='line_1_22' title="bbox 212 1889 1606 1952; baseline 0 -18"><span class='ocrx_word' id='word_1_153' title='bbox 212 1890 455 1950; x_wconf 60' lang='lat' dir='ltr'>remearej,</span> <span class='ocrx_word' id='word_1_154' title='bbox 476 1899 721 1952; x_wconf 85' lang='lat' dir='ltr'>propterea</span> <span class='ocrx_word' id='word_1_155' title='bbox 746 1890 940 1935; x_wconf 86' lang='lat' dir='ltr'>misisset</span> <span class='ocrx_word' id='word_1_156' title='bbox 968 1891 1238 1935; x_wconf 85' lang='lat' dir='ltr'>Bastardum</span> <span class='ocrx_word' id='word_1_157' title='bbox 1257 1891 1315 1935; x_wconf 94' lang='lat' dir='ltr'>de</span> <span class='ocrx_word' id='word_1_158' title='bbox 1336 1889 1606 1952; x_wconf 75' lang='lat' dir='ltr'>Rubempre&#39;,</span> 
     </span>
     <span class='ocr_line' id='line_1_23' title="bbox 212 1965 1612 2028; baseline 0 -17"><span class='ocrx_word' id='word_1_159' title='bbox 212 1966 272 2011; x_wconf 85' lang='lat' dir='ltr'>ad</span> <span class='ocrx_word' id='word_1_160' title='bbox 302 1965 671 2010; x_wconf 85' lang='lat' dir='ltr'>collustrandum</span> <span class='ocrx_word' id='word_1_161' title='bbox 700 1974 743 2010; x_wconf 91' lang='lat' dir='ltr'>et</span> <span class='ocrx_word' id='word_1_162' title='bbox 765 1966 1115 2028; x_wconf 74' lang='lat' dir='ltr'>pervagandum</span> <span class='ocrx_word' id='word_1_163' title='bbox 1142 1966 1320 2011; x_wconf 67' lang='lat' dir='ltr'>dix-ersa</span> <span class='ocrx_word' id='word_1_164' title='bbox 1352 1966 1455 2011; x_wconf 88' lang='lat' dir='ltr'>loca</span> <span class='ocrx_word' id='word_1_165' title='bbox 1480 1967 1612 2011; x_wconf 87' lang='lat' dir='ltr'>navi-</span> 
     </span>
     <span class='ocr_line' id='line_1_24' title="bbox 213 2042 1611 2104; baseline 0.002 -18"><span class='ocrx_word' id='word_1_166' title='bbox 213 2042 312 2103; x_wconf 88' lang='lat' dir='ltr'>gio,</span> <span class='ocrx_word' id='word_1_167' title='bbox 351 2051 599 2104; x_wconf 79' lang='lat' dir='ltr'>quatenus,</span> <span class='ocrx_word' id='word_1_168' title='bbox 640 2042 676 2086; x_wconf 85' lang='lat' dir='ltr'>si</span> <span class='ocrx_word' id='word_1_169' title='bbox 711 2042 821 2087; x_wconf 87' lang='lat' dir='ltr'>dicti</span> <span class='ocrx_word' id='word_1_170' title='bbox 858 2043 989 2088; x_wconf 87' lang='lat' dir='ltr'>ducis</span> <span class='ocrx_word' id='word_1_171' title='bbox 1024 2043 1200 2104; x_wconf 85' lang='lat' dir='ltr'>legatos</span> <span class='ocrx_word' id='word_1_172' title='bbox 1235 2042 1402 2088; x_wconf 89' lang='lat' dir='ltr'>obvios</span> <span class='ocrx_word' id='word_1_173' title='bbox 1436 2042 1611 2089; x_wconf 88' lang='lat' dir='ltr'>habere</span> 
     </span>
     <span class='ocr_line' id='line_1_25' title="bbox 211 2117 1612 2181; baseline 0.001 -19"><span class='ocrx_word' id='word_1_174' title='bbox 211 2127 390 2180; x_wconf 86' lang='lat' dir='ltr'>posset,</span> <span class='ocrx_word' id='word_1_175' title='bbox 419 2135 497 2163; x_wconf 84' lang='lat' dir='ltr'>eos</span> <span class='ocrx_word' id='word_1_176' title='bbox 520 2117 893 2181; x_wconf 82' lang='lat' dir='ltr'>apprehenderet</span> <span class='ocrx_word' id='word_1_177' title='bbox 916 2129 960 2164; x_wconf 91' lang='lat' dir='ltr'>et</span> <span class='ocrx_word' id='word_1_178' title='bbox 982 2118 1170 2164; x_wconf 88' lang='lat' dir='ltr'>duceret</span> <span class='ocrx_word' id='word_1_179' title='bbox 1190 2118 1249 2164; x_wconf 89' lang='lat' dir='ltr'>ad</span> <span class='ocrx_word' id='word_1_180' title='bbox 1274 2135 1451 2180; x_wconf 54' lang='lat' dir='ltr'>regem,</span> <span class='ocrx_word' id='word_1_181' title='bbox 1480 2119 1612 2180; x_wconf 86' lang='lat' dir='ltr'>cujus</span> 
     </span>
     <span class='ocr_line' id='line_1_26' title="bbox 213 2195 1610 2258; baseline 0.001 -19"><span class='ocrx_word' id='word_1_182' title='bbox 213 2211 310 2240; x_wconf 92' lang='lat' dir='ltr'>non</span> <span class='ocrx_word' id='word_1_183' title='bbox 345 2211 490 2258; x_wconf 67' lang='lat' dir='ltr'>parvo</span> <span class='ocrx_word' id='word_1_184' title='bbox 523 2196 760 2240; x_wconf 88' lang='lat' dir='ltr'>interesset</span> <span class='ocrx_word' id='word_1_185' title='bbox 793 2195 1059 2241; x_wconf 87' lang='lat' dir='ltr'>molitiones</span> <span class='ocrx_word' id='word_1_186' title='bbox 1094 2195 1302 2257; x_wconf 88' lang='lat' dir='ltr'>ejusdem</span> <span class='ocrx_word' id='word_1_187' title='bbox 1338 2195 1468 2240; x_wconf 85' lang='lat' dir='ltr'>ducis</span> <span class='ocrx_word' id='word_1_188' title='bbox 1502 2212 1610 2241; x_wconf 87' lang='lat' dir='ltr'>cum</span> 
     </span>
     <span class='ocr_line' id='line_1_27' title="bbox 213 2271 1611 2336; baseline 0.003 -21"><span class='ocrx_word' id='word_1_189' title='bbox 213 2272 305 2317; x_wconf 90' lang='lat' dir='ltr'>suis</span> <span class='ocrx_word' id='word_1_190' title='bbox 348 2272 666 2317; x_wconf 85' lang='lat' dir='ltr'>infensissimis</span> <span class='ocrx_word' id='word_1_191' title='bbox 706 2271 920 2317; x_wconf 85' lang='lat' dir='ltr'>hostibus</span> <span class='ocrx_word' id='word_1_192' title='bbox 962 2282 1005 2318; x_wconf 91' lang='lat' dir='ltr'>et</span> <span class='ocrx_word' id='word_1_193' title='bbox 1043 2273 1237 2319; x_wconf 88' lang='lat' dir='ltr'>consilia</span> <span class='ocrx_word' id='word_1_194' title='bbox 1279 2273 1519 2336; x_wconf 87' lang='lat' dir='ltr'>percipere</span> <span class='ocrx_word' id='word_1_195' title='bbox 1558 2290 1611 2319; x_wconf 89' lang='lat' dir='ltr'>ac</span> 
     </span>
     <span class='ocr_line' id='line_1_28' title="bbox 213 2348 1607 2409; baseline 0.001 -17"><span class='ocrx_word' id='word_1_196' title='bbox 213 2351 534 2408; x_wconf 86' lang='lat' dir='ltr'>cognoscere¹.</span> <span class='ocrx_word' id='word_1_197' title='bbox 577 2348 802 2409; x_wconf 84' lang='lat' dir='ltr'>Petiitque</span> <span class='ocrx_word' id='word_1_198' title='bbox 836 2348 1054 2403; x_wconf 84' lang='lat' dir='ltr'>tandem,</span> <span class='ocrx_word' id='word_1_199' title='bbox 1095 2364 1228 2405; x_wconf 90' lang='lat' dir='ltr'>cum,</span> <span class='ocrx_word' id='word_1_200' title='bbox 1275 2348 1337 2394; x_wconf 91' lang='lat' dir='ltr'>ob</span> <span class='ocrx_word' id='word_1_201' title='bbox 1374 2349 1607 2394; x_wconf 87' lang='lat' dir='ltr'>dictorum</span> 
     </span>
     <span class='ocr_line' id='line_1_29' title="bbox 213 2425 1609 2485; baseline 0.001 -17"><span class='ocrx_word' id='word_1_202' title='bbox 213 2433 458 2485; x_wconf 86' lang='lat' dir='ltr'>captorum</span> <span class='ocrx_word' id='word_1_203' title='bbox 499 2425 844 2481; x_wconf 74' lang='lat' dir='ltr'>detentionem,</span> <span class='ocrx_word' id='word_1_204' title='bbox 883 2425 1095 2470; x_wconf 79' lang='lat' dir='ltr'>maximis</span> <span class='ocrx_word' id='word_1_205' title='bbox 1128 2425 1348 2470; x_wconf 90' lang='lat' dir='ltr'>eumdem</span> <span class='ocrx_word' id='word_1_206' title='bbox 1388 2427 1609 2470; x_wconf 87' lang='lat' dir='ltr'>comitem</span> 
     </span>
    </p>
   </div>
   <div class='ocr_carea' id='block_1_3' title="bbox 212 2568 1609 2794">
    <p class='ocr_par' dir='ltr' id='par_1_3' title="bbox 212 2568 1609 2794">
     <span class='ocr_line' id='line_1_30' title="bbox 268 2568 1607 2620; baseline 0.001 -16"><span class='ocrx_word' id='word_1_207' title='bbox 268 2571 302 2604; x_wconf 82' lang='grc'>1.</span> <span class='ocrx_word' id='word_1_208' title='bbox 336 2571 404 2605; x_wconf 87' lang='lat' dir='ltr'>Ces</span> <span class='ocrx_word' id='word_1_209' title='bbox 424 2569 568 2606; x_wconf 80' lang='lat' dir='ltr'>raisons</span> <span class='ocrx_word' id='word_1_210' title='bbox 589 2578 672 2606; x_wconf 88' lang='lat' dir='ltr'>sont</span> <span class='ocrx_word' id='word_1_211' title='bbox 695 2570 875 2620; x_wconf 67' lang='lat' dir='ltr'>exposecs</span> <span class='ocrx_word' id='word_1_212' title='bbox 899 2583 989 2607; x_wconf 78' lang='lat' dir='ltr'>avec</span> <span class='ocrx_word' id='word_1_213' title='bbox 1015 2578 1093 2607; x_wconf 88' lang='lat' dir='ltr'>tout</span> <span class='ocrx_word' id='word_1_214' title='bbox 1114 2570 1149 2607; x_wconf 91' lang='lat' dir='ltr'>le</span> <span class='ocrx_word' id='word_1_215' title='bbox 1170 2569 1486 2620; x_wconf 81' lang='lat' dir='ltr'>developpement</span> <span class='ocrx_word' id='word_1_216' title='bbox 1507 2568 1607 2605; x_wconf 73' lang='lat' dir='ltr'>desi-</span> 
     </span>
     <span class='ocr_line' id='line_1_31' title="bbox 213 2628 1609 2679; baseline -0.001 -16"><span class='ocrx_word' id='word_1_217' title='bbox 213 2628 316 2664; x_wconf 83' lang='lat' dir='ltr'>rablc</span> <span class='ocrx_word' id='word_1_218' title='bbox 339 2628 430 2665; x_wconf 84' lang='lat' dir='ltr'>dans</span> <span class='ocrx_word' id='word_1_219' title='bbox 461 2642 509 2664; x_wconf 89' lang='lat' dir='ltr'>un</span> <span class='ocrx_word' id='word_1_220' title='bbox 530 2628 698 2665; x_wconf 77' lang='lat' dir='ltr'>discours</span> <span class='ocrx_word' id='word_1_221' title='bbox 728 2630 917 2679; x_wconf 77' lang='lat' dir='ltr'>prononce</span> <span class='ocrx_word' id='word_1_222' title='bbox 940 2643 1014 2667; x_wconf 81' lang='lat' dir='ltr'>aux</span> <span class='ocrx_word' id='word_1_223' title='bbox 1044 2629 1231 2666; x_wconf 85' lang='lat' dir='ltr'>habitants</span> <span class='ocrx_word' id='word_1_224' title='bbox 1260 2629 1452 2665; x_wconf 79' lang='lat' dir='ltr'>d&#39;Amiens</span> <span class='ocrx_word' id='word_1_225' title='bbox 1481 2640 1550 2677; x_wconf 85' lang='lat' dir='ltr'>par</span> <span class='ocrx_word' id='word_1_226' title='bbox 1577 2628 1609 2663; x_wconf 89' lang='lat' dir='ltr'>le</span> 
     </span>
     <span class='ocr_line' id='line_1_32' title="bbox 212 2685 1606 2737; baseline -0.001 -15"><span class='ocrx_word' id='word_1_227' title='bbox 212 2685 424 2723; x_wconf 85' lang='lat' dir='ltr'>chancelier</span> <span class='ocrx_word' id='word_1_228' title='bbox 450 2686 496 2723; x_wconf 81' lang='lat' dir='ltr'>(le</span> <span class='ocrx_word' id='word_1_229' title='bbox 526 2689 679 2727; x_wconf 66' lang='lat' dir='ltr'>france.</span> <span class='ocrx_word' id='word_1_230' title='bbox 703 2692 747 2727; x_wconf 76' lang='lat' dir='ltr'>A.</span> <span class='ocrx_word' id='word_1_231' title='bbox 766 2688 936 2737; x_wconf 80' lang='lat' dir='ltr'>Thierry.</span> <span class='ocrx_word' id='word_1_232' title='bbox 969 2692 1187 2725; x_wconf 76' lang='lat' dir='ltr'>Docaments</span> <span class='ocrx_word' id='word_1_233' title='bbox 1207 2689 1342 2723; x_wconf 68' lang='lat' dir='ltr'>inedies</span> <span class='ocrx_word' id='word_1_234' title='bbox 1360 2701 1424 2721; x_wconf 75' lang='lat' dir='ltr'>sur</span> <span class='ocrx_word' id='word_1_235' title='bbox 1440 2689 1606 2732; x_wconf 77' lang='lat' dir='ltr'>Amiens,</span> 
     </span>
     <span class='ocr_line' id='line_1_33' title="bbox 214 2744 1391 2794; baseline -0.001 -14"><span class='ocrx_word' id='word_1_236' title='bbox 214 2754 238 2780; x_wconf 85' lang='lat' dir='ltr'>t.</span> <span class='ocrx_word' id='word_1_237' title='bbox 260 2748 316 2789; x_wconf 84' lang='grc' dir='ltr'>ΙΙ,</span> <span class='ocrx_word' id='word_1_238' title='bbox 339 2758 376 2794; x_wconf 82' lang='lat' dir='ltr'>p.</span> <span class='ocrx_word' id='word_1_239' title='bbox 400 2746 498 2789; x_wconf 68' lang='lat'>2763</span> <span class='ocrx_word' id='word_1_240' title='bbox 526 2744 617 2781; x_wconf 81' lang='lat' dir='ltr'>dans</span> <span class='ocrx_word' id='word_1_241' title='bbox 637 2745 671 2782; x_wconf 90' lang='lat' dir='ltr'>la</span> <span class='ocrx_word' id='word_1_242' title='bbox 692 2745 895 2783; x_wconf 90' lang='lat' dir='ltr'>Collection</span> <span class='ocrx_word' id='word_1_243' title='bbox 915 2746 980 2783; x_wconf 86' lang='lat' dir='ltr'>des</span> <span class='ocrx_word' id='word_1_244' title='bbox 1002 2746 1223 2782; x_wconf 88' lang='lat' dir='ltr'>documents</span> <span class='ocrx_word' id='word_1_245' title='bbox 1244 2744 1391 2781; x_wconf 83' lang='lat' dir='ltr'>inedits.</span> 
     </span>
    </p>
   </div>
  </div>
 </body>
</html>
