1923 3020
723 243 867 278 LIBER
894 241 1088 278 PRIMUS.
1553 243 1600 277 63

213 332 385 377 riorem
422 330 618 376 Galliam
656 329 916 385 redierunt,
958 327 1126 372 multas
1160 327 1350 389 quidem
1388 327 1519 373 famis
1557 337 1602 373 et

212 407 400 464 inediae,
434 407 496 452 ob
528 422 727 452 annonae
758 406 996 450 caritatem
1029 414 1068 449 et
1095 402 1305 448 calorum
1334 404 1600 449 testivorum

212 485 640 547 intemperantiam,
672 483 904 529 molestias
927 481 1070 544 passi,
1098 480 1178 526 sed
1203 496 1493 542 aggressuras
1521 490 1601 526 aut

212 560 491 605 resistentias
517 560 575 606 ab
604 559 818 605 hostibus
846 557 996 603 nutias
1019 566 1099 602 aut
1121 558 1374 602 rarissimas
1401 558 1595 620 experti.

211 639 382 682 Tantus
418 637 545 682 enim
580 636 741 681 Gallici
777 635 981 680 nominis
1016 650 1274 696 eorumque
1311 634 1513 679 audaciae
1547 650 1599 679 ac

213 713 383 757 virium
405 721 555 757 terror
579 712 794 774 famaque
819 726 986 756 eorum
1008 711 1322 771 arrogantiam
1344 719 1482 772 atque
1502 710 1598 771 jac-

214 787 406 832 tantiam
445 787 742 843 retuderant,
770 796 841 845 ut,
871 784 1094 830 vecordes
1123 795 1167 830 et
1192 785 1334 830 veluti
1366 786 1600 831 exanimes

211 861 385 919 effecti,
421 879 515 908 non
543 863 601 909 de
626 861 917 909 conserendo
946 860 1126 924 praelio,
1161 861 1243 907 sed
1275 861 1333 907 de
1365 862 1460 907 sola
1494 862 1600 923 fuga

212 940 486 1000 cogitarent.

277 1018 529 1077 Postquam
555 1025 711 1062 autem
735 1032 760 1061 e
783 1015 914 1061 terris
940 1013 1025 1060 illis
1051 1013 1291 1059 Gallorum
1315 1015 1499 1076 agmina
1524 1033 1600 1062 ex-

212 1102 472 1151 cesserunt,
500 1092 700 1156 plurima
725 1108 779 1137 ex
802 1090 997 1138 castellis
1022 1100 1066 1136 et
1090 1089 1324 1154 oppidulis
1347 1107 1430 1154 per
1453 1108 1533 1137 eos
1556 1093 1601 1137 vi

212 1168 286 1214 vel
305 1168 542 1215 deditione
560 1169 799 1232 receptis¹,
825 1184 851 1213 a
873 1184 958 1213 suo
982 1184 1087 1229 rege
1110 1168 1278 1212 iterum
1302 1167 1359 1212 ad
1386 1169 1601 1214 Barcino-

212 1246 428 1290 nensium
461 1255 611 1309 partes
642 1255 687 1290 et
717 1244 976 1307 generalem
1010 1243 1251 1289 rebellium
1284 1246 1601 1292 communita-

213 1331 304 1367 tem
324 1322 611 1368 defecerunt.
642 1321 1021 1384 Perpinianenses
1047 1330 1223 1380 autem,
1253 1322 1333 1384 qui
1357 1323 1551 1368 minime
1574 1339 1599 1368 a

211 1399 454 1445 Gallorum
482 1400 685 1445 exercitu
713 1399 895 1444 fuerant
923 1399 1120 1462 impetiti
1145 1400 1222 1461 (eo
1250 1399 1403 1462 quod,
1436 1417 1598 1463 quem-

211 1475 470 1522 admodum
493 1477 663 1522 exstitit
684 1475 883 1532 dictum,
909 1475 1148 1522 celerrime
1171 1477 1371 1524 claustra
1396 1479 1600 1541 Pyrenaei

211 1562 455 1614 penetrare
477 1563 616 1614 atque
638 1553 895 1615 irrumpere
921 1552 1151 1616 compulsi
1176 1563 1303 1612 sunt,
1334 1564 1383 1600 ut
1404 1538 1613 1618 reginaes

210 1645 351 1690 quam
393 1630 756 1675 Barcinonenses
780 1629 1023 1691 caeterique
1057 1631 1215 1693 patriae
1248 1630 1441 1678 rebelles
1475 1633 1599 1696 apud

211 1706 482 1752 Gerundam
519 1706 752 1751 civitatem
793 1704 1097 1765 obsederant,
1135 1708 1305 1753 auxilia
1340 1708 1601 1771 praeberent

209 1782 464 1844 solatiaque
480 1782 763 1843 succursus),
788 1782 980 1828 moleste
1001 1784 1196 1829 nimium
1217 1784 1425 1830 ferebant
1445 1786 1600 1831 Gallo-

209 1875 314 1903 rum
348 1859 680 1916 munitionem,
709 1874 850 1920 quam
884 1860 929 1903 in
962 1876 1066 1905 arce
1091 1861 1160 1905 sui
1188 1860 1348 1923 oppidi
1381 1877 1459 1906 rex
1488 1865 1599 1909 Ara-

209 1951 408 1996 gonum,
431 1935 561 1996 juxta
586 1935 757 1981 foedera
782 1953 888 1981 cum
914 1940 1199 1983 Francorum
1228 1955 1333 1998 rege
1359 1956 1596 2002 percussa,

208 2011 456 2057 locaverat.
482 2012 632 2071 Unde,
660 2029 767 2057 cum
790 2013 1065 2059 eorumdem
1085 2014 1327 2060 Gallorum
1349 2017 1597 2064 exercitum

210 2089 531 2151 militiamque,
554 2088 722 2134 finibus
739 2090 899 2152 patriae
917 2107 1009 2136 suae
1024 2108 1277 2153 egressum,
1298 2093 1344 2137 in
1358 2096 1599 2142 Franciam

209 2166 447 2212 revertisse
470 2175 788 2227 agnoscerent,
817 2182 975 2211 arcem
998 2168 1146 2230 ipsam
1166 2185 1272 2213 cum
1296 2171 1473 2216 auxiliis
1495 2176 1599 2219 Bar-

209 2243 536 2288 cinonensium
556 2242 848 2304 aliorumque
868 2242 1114 2289 rebellium
1135 2261 1299 2306 magna
1321 2247 1365 2291 vi
1385 2247 1600 2296 obsidere

208 2328 449 2380 coeperunt
471 2338 480 2362 z
502 2327 785 2363 exstruentes
803 2335 989 2380 aggeres
1007 2319 1302 2383 hastiliasque
1315 2323 1445 2383 juxta
1464 2343 1599 2371 suum

211 2393 438 2456 oppidum
465 2403 510 2439 et
539 2401 687 2451 extra,
721 2403 763 2438 et
795 2395 1004 2456 petrariis
1034 2412 1087 2440 ac
1116 2399 1361 2444 tormentis
1390 2400 1598 2462 ejusdem

209 2471 348 2529 arcis,
384 2487 478 2532 quo
511 2471 686 2516 facilius
718 2472 972 2533 expugnari
1001 2471 1058 2517 ab
1087 2473 1151 2519 eis
1177 2484 1353 2538 posset,
1387 2487 1535 2523 turres
1556 2489 1601 2523 et

211 2547 563 2611 propugnacula
596 2547 793 2608 dejicere
827 2558 1102 2610 satagentes.
1140 2553 1292 2606 Quam
1328 2570 1352 2598 e
1388 2554 1595 2614 diverso,

266 2721 296 2754 1.
331 2720 488 2766 Recepta
512 2717 603 2754 dans
625 2717 677 2753 les
697 2730 784 2755 msS.
