1923 3020
322 251 369 284 48
683 248 874 284 HISTORI
881 248 1018 282 ARUM
1047 248 1277 283 LUDOVICI
1305 249 1360 283 XI

325 333 619 379 Edoardum¹
653 332 806 396 pulso,
844 334 889 378 in
930 333 1131 379 Scotiam
1169 333 1467 394 confugerat,
1499 332 1720 380 sublima·

322 411 497 455 tionem
522 419 566 455 et
596 410 952 473 provectionem
991 409 1213 454 Ludoviei
1247 410 1293 454 in
1328 425 1484 470 regem
1521 412 1720 454 Franco-

321 503 450 545 rum,
481 495 524 530 et
550 486 679 548 quod
711 503 855 547 regno
880 496 1077 549 paterno
1111 485 1302 549 pacifice
1338 486 1584 549 potiretur,
1620 501 1722 547 spe-

322 578 427 608 rans
452 562 557 624 jure
601 563 822 608 naturalis
858 563 1224 626 propinquitatis
1261 572 1306 607 et
1342 562 1719 619 necessitudinis,

319 638 378 684 ab
409 638 578 685 eodem
602 639 926 685 subventionis
961 639 1121 685 solatia
1153 639 1451 695 adinvenire,
1480 656 1532 683 ex
1570 638 1725 683 Scotia

320 715 365 759 in
408 717 648 762 Franciam
685 716 878 778 trajecit.
920 719 1059 761 Erant
1083 716 1209 760 enim
1243 725 1337 760 tarn
1367 716 1464 778 ejus
1493 716 1559 759 vir
1581 731 1723 777 quam

321 792 419 854 ipsa
442 809 658 856 peraeque
681 792 953 838 consobrini
980 792 1229 851 Ludovici,
1255 795 1542 837 Francorum
1573 792 1718 851 regis,

319 884 430 914 nam
464 870 529 915 uti
569 870 835 916 Ludovicus
868 878 911 913 et
956 869 1181 914 Henricus
1211 878 1343 914 erant
1380 869 1458 913 filii
1492 868 1641 913 fratris
1679 877 1723 913 et

319 947 514 1005 sororis,
554 947 618 992 ita
647 946 769 991 idem
796 945 1061 990 Ludovicus
1086 955 1130 990 et
1148 948 1425 1007 Margareta,
1451 946 1603 1006 regina
1633 948 1721 989 An-

321 1021 437 1083 gliae,
465 1033 596 1069 erant
622 1022 702 1067 filii
726 1022 900 1068 sororis
923 1030 966 1066 et
997 1021 1162 1066 fratris.
1189 1022 1303 1068 Nam
1328 1037 1405 1066 rex
1435 1020 1614 1077 Siciliae,
1642 1022 1723 1064 Re-

322 1108 477 1156 natus,
510 1109 642 1163 pater
671 1109 770 1144 erat
800 1098 943 1161 ipsius
969 1098 1163 1159 regina-33
1191 1098 1332 1143 Maria
1353 1113 1488 1156 vero,
1515 1097 1721 1159 ejusdem

324 1177 484 1222 Renati
508 1194 659 1235 soror,
689 1175 910 1221 Ludovici
943 1185 1040 1221 erat
1074 1185 1249 1234 mater3
1274 1186 1316 1221 et
1343 1176 1458 1221 sicut
1482 1176 1722 1221 Ludovico

319 1253 513 1298 Carolus
532 1291 542 1311 ,
575 1256 860 1297 Francorum
884 1268 991 1310 reX,
1017 1253 1200 1314 genitor
1227 1253 1397 1311 suerat,
1432 1255 1490 1299 ita
1529 1263 1573 1298 et
1599 1256 1722 1298 Hen-

320 1330 441 1386 rico,
469 1328 723 1392 Anglorum
746 1329 868 1389 regi,
896 1328 1145 1375 (Iatharina
1169 1340 1333 1385 mater,
1362 1346 1494 1375 soror
1515 1329 1722 1391 ejusdem

318 1406 488 1451 Caroli.

384 1481 458 1527 Oh
488 1482 570 1528 has
595 1482 961 1546 propinquitatis
984 1483 1378 1538 necessitudines,
1405 1482 1617 1543 Carolus,
1641 1483 1725 1528 ad—

323 1560 414 1605 huc
440 1577 581 1621 agens
604 1561 650 1605 in
669 1560 890 1605 humanis
904 1597 914 1617 ,
943 1560 1186 1606 miseratus
1204 1570 1343 1607 tantae
1364 1569 1517 1606 ettam
1537 1561 1725 1623 propin-

319 1653 420 1698 quae
443 1653 536 1682 suae
558 1637 974 1699 consanguinitatis
1003 1653 1162 1683 casum
1195 1637 1471 1694 adversum,
1503 1653 1642 1700 opem
1663 1636 1726 1682 eis

318 1712 466 1769 ferre,
495 1723 545 1758 ut
569 1714 614 1758 in
640 1730 836 1774 regnum
865 1714 1237 1774 restituerentur,
1267 1730 1553 1777 magnopere
1584 1713 1723 1759 affec—

320 1789 473 1848 tabat,
503 1791 643 1835 totius
667 1791 796 1851 regni
823 1800 867 1836 et
892 1791 1152 1836 amicorum
1176 1790 1353 1836 viribus
1386 1790 1433 1835 id
1461 1790 1591 1835 brevi
1618 1805 1725 1852 pro-

318 1882 501 1929 ponens
540 1866 782 1930 perficere.
829 1867 971 1929 Cujus
996 1868 1344 1913 exsecutionem
1377 1884 1483 1912 eum
1516 1866 1726 1911 infaustae

318 1961 410 1989 suae
454 1944 617 1989 mortis
657 1954 1028 2007 praeoccupasset
1066 1954 1286 2002 eventus,
1338 1942 1588 2007 sperabant
1638 1943 1725 2004 ipsi

320 2038 465 2083 regno
495 2021 673 2067 exsules
696 2038 749 2066 ac
780 2021 966 2085 profugi
999 2021 1403 2079 benevolentiam,
1427 2036 1567 2083 quam
1597 2018 1723 2081 apud

321 2108 499 2160 patrem
536 2099 846 2157 invenissent,
883 2100 1021 2144 etiam
1045 2099 1170 2162 apud
1206 2099 1351 2144 filium
1378 2098 1460 2159 (ut
1484 2113 1568 2159 par
1593 2097 1722 2156 erat)

322 2177 492 2220 servari
519 2186 564 2221 et
588 2177 855 2221 continuari
881 2176 1115 2222 debuisse.

387 2254 504 2295 (Iurn
529 2261 685 2297 autem
720 2252 778 2297 ad
804 2269 909 2297 eum
939 2253 1036 2316 ipsa
1062 2254 1220 2314 regina
1244 2252 1500 2298 accessisset
1517 2253 1545 2310 ²,
1574 2250 1724 2295 verbis

322 2325 514 2388 quidem
551 2337 593 2372 et
636 2327 971 2391 sponsionibus
1000 2330 1107 2375 satis
1142 2329 1345 2391 benigne
1374 2337 1564 2390 excepta
1601 2326 1724 2372 vide-

382 2501 415 2535 1.
450 2491 627 2535 Edouard
649 2498 802 2535 ‹l'York.

377 2559 414 2597 2.
448 2561 504 2593 Au
530 2557 623 2593 mois
649 2557 694 2593 de
729 2557 810 2603 juin
841 2560 956 2596 1462.
995 2560 1021 2595 ΙΙ
1046 2573 1068 2608 y
1102 2574 1121 2596 a
1155 2573 1204 2596 un
1230 2559 1338 2595 traite
1363 2558 1560 2594 d’alliance
1589 2556 1720 2594 conclu

324 2630 391 2666 par
410 2616 481 2653 elle
504 2630 551 2652 au
571 2629 659 2652 nom
683 2614 728 2651 de
750 2615 865 2651 Hem-i
886 2618 948 2659 Vi,
970 2630 1062 2653 avec
1083 2617 1117 2653 le
1139 2617 1192 2653 roi
1214 2617 1260 2654 de
1280 2619 1435 2662 ance,
1453 2618 1473 2652 ΞΛ
1491 2620 1625 2662 Tours,
1648 2617 1668 2651 ἱι
1689 2614 1721 2650 la

322 2675 407 2712 date
431 2675 480 2712 du
509 2676 557 2711 28
588 2674 685 2722 juin.
720 2674 875 2724 Lenglet
910 2675 1142 2724 Dusresnoy,
1171 2680 1368 2713 Me'moirm
1398 2678 1443 2711 de
1470 2677 1647 2722 Plu'liope
1676 2675 1722 2708 cle

325 2736 543 2780 Cmnmim‘s,
566 2742 591 2769 t.
618 2736 669 2779 11,
690 2747 728 2782 p.
754 2735 841 2768 367.
