1923 3020
701 247 842 282 LIBER
869 246 1083 282 TERTIUS.
1517 246 1589 280 267

195 340 319 387 tum,
346 332 497 377 dilatis
519 334 715 379 nimium
745 333 914 378 debitis
939 331 1310 396 provisionibus,
1334 347 1405 376 res
1427 346 1592 393 proce-

195 406 383 462 derent,
414 424 495 452 vn.
524 409 599 454 die
628 409 836 471 ejusdem
867 409 1062 467 mensis,
1091 409 1238 453 movit
1262 424 1309 452 se
1332 423 1439 452 cum
1463 422 1593 451 exer-

194 487 310 543 citu,
343 501 503 529 versus
533 497 686 548 partes
718 487 816 532 illas
842 485 1164 549 proficiscens3
1201 494 1245 530 et
1277 484 1352 529 die
1384 482 1594 545 ejusdem

195 561 365 606 mensis
392 577 485 605 xvi.
514 562 573 606 ad
596 563 829 608 civitatem
852 579 983 607 suam
1008 563 1407 607 Conventrensem
1443 559 1591 622 appli-

194 638 304 683 cuit.
334 639 383 680 [ι]
409 652 498 697 qua
525 653 632 681 cum
661 648 804 696 esset,
839 638 1013 683 solatiis
1042 637 1270 682 uberioris
1303 635 1594 699 procuratio·

195 715 265 758 nis
284 722 328 758 et
350 729 552 757 annonxe
569 729 706 757 suum
729 715 953 758 recreavit
978 714 1249 758 exercitum.

217 819 228 831 .
259 789 366 850 Ejus
383 788 543 833 audito
564 789 624 834 ab
645 789 732 834 illis
752 789 898 834 turbis
918 790 1246 834 seditiosorum
1268 789 1491 847 adventu,
1511 799 1597 834 sta-

195 866 276 911 tim
308 881 472 910 omnes
499 864 572 910 vel
598 865 654 910 ad
686 866 876 928 propria
900 865 1165 921 domicilia,
1193 867 1264 910 vel
1289 866 1471 911 diversa
1498 865 1598 911 lati-

193 943 304 989 bula
339 943 651 988 defluxerunt.
689 943 822 1006 Capti
860 951 1017 988 autem
1056 942 1242 987 fuerunt
1276 943 1498 987 dominus
1539 942 1598 987 de

195 1020 388 1065 Cannis¹
411 1029 456 1065 et
486 1020 702 1065 nonnulli
737 1019 814 1065 alii
850 1018 1136 1064 seditionum
1169 1028 1408 1076 auctores;
1442 1019 1599 1082 plures

195 1112 307 1141 vero
334 1095 395 1141 ad
419 1113 599 1158 regem,
625 1096 682 1142 ad
706 1095 1042 1159 postulandum
1070 1112 1157 1158 pro
1181 1096 1343 1141 erratis
1373 1112 1503 1141 suam
1535 1096 1600 1140 in-

196 1172 486 1234 dulgentiam
510 1183 649 1234 atque
669 1173 989 1231 clementiam,
1013 1172 1321 1231 destinantes,
1347 1188 1450 1217 eam
1473 1173 1600 1217 inve-

197 1250 298 1296 nire
323 1260 367 1295 et
390 1251 550 1296 onmia
573 1250 663 1295 sibi
686 1250 949 1296 condonari
973 1258 1260 1294 meruerunt.

261 1330 386 1371 Dum
411 1336 569 1372 autem
597 1337 754 1389 ageret
781 1336 1134 1390 occupatusque
1159 1342 1239 1371 rex
1262 1324 1508 1370 Edoardus
1532 1342 1603 1371 es-

197 1414 266 1449 set
303 1403 360 1448 ad
397 1404 759 1467 componendos
798 1414 955 1449 motus
990 1403 1246 1449 insolentes
1280 1419 1475 1462 eorum,
1522 1404 1600 1466 qui

197 1480 449 1525 adversum
488 1497 537 1526 se
585 1480 876 1526 rebellabant
918 1481 1041 1526 circa
1078 1489 1230 1544 partes
1269 1479 1508 1539 boreales,
1553 1490 1604 1525 ut

198 1556 421 1615 diximus,
448 1574 610 1602 rumor
639 1557 698 1602 ad
730 1574 839 1602 eum
875 1557 934 1603 de
965 1557 1055 1603 alia
1086 1556 1236 1602 multo
1269 1556 1604 1620 periculosiore

199 1634 484 1697 populorum
509 1634 852 1680 insurrectione
875 1643 1038 1680 contra
1067 1651 1141 1692 se,
1176 1635 1221 1678 in
1248 1633 1458 1696 partibus
1483 1636 1604 1680 Can-

201 1710 312 1767 tiae2,
340 1710 545 1773 perlatus
567 1720 649 1755 est.
679 1710 885 1767 Quidam
908 1711 1034 1756 enim
1067 1710 1329 1773 appellatus
1358 1709 1605 1755 Bastardus

200 1786 259 1831 de
297 1785 698 1848 Folelzenbetghffi,
730 1787 877 1832 homo
911 1787 969 1833 ad
999 1786 1243 1832 latrocinia
1277 1796 1321 1831 et
1353 1785 1605 1831 seditiones

201 1863 344 1909 facilis
362 1878 416 1908 ac
433 1873 698 1925 promptus,
722 1864 768 1908 in
787 1864 951 1910 Cantia
971 1863 1202 1926 adjunctis
1220 1862 1307 1907 sibi
1321 1861 1605 1924 quibusdam

202 1957 255 1986 ex
281 1938 594 2002 stipendiariis
618 1940 782 2002 oppidi
806 1940 1110 1997 Calisiensis'g
1134 1938 1346 2001 pluribus
1370 1938 1525 1983 nautis
1545 1948 1607 1983 at-

203 2033 294 2080 que
318 2016 499 2078 piratis,
520 2015 705 2079 plebem
730 2016 854 2062 illam
881 2017 1075 2069 (Ianthe,
1098 2015 1371 2077 hujusmodi
1397 2015 1606 2060 factioni-

202 2093 292 2138 bus
317 2102 361 2137 et
386 2093 787 2138 commotionibus
818 2093 925 2137 satis
954 2107 1155 2155 pronam
1186 2101 1229 2136 et
1263 2100 1519 2146 assuetam,
1556 2091 1604 2136 in

205 2184 334 2214 arma
364 2169 642 2227 concitavit,
684 2178 727 2214 et
769 2169 1032 2230 aggregavit
1070 2167 1420 2213 multitudinem
1460 2184 1606 2229 usque

207 2245 265 2290 ad
300 2245 463 2290 decem
496 2255 539 2290 et
575 2255 683 2290 octo
710 2245 851 2290 millia
887 2244 1185 2290 bellatorum.
1224 2245 1316 2300 Qui
1348 2244 1602 2302 venientes,

206 2321 281 2367 die
295 2339 374 2366 x11.
398 2321 570 2366 mensis
587 2322 695 2366 maii
711 2321 942 2385 praedicti,
964 2330 1070 2367 ante
1085 2321 1321 2366 civitatem
1342 2320 1608 2366 Londonia-

262 2479 297 2514 1.
329 2474 622 2513 Probablement
651 2480 808 2524 Camuv,
836 2490 982 2513 comme
1010 2476 1103 2513 dans
1130 2476 1167 2513 la
1196 2476 1356 2514 relation
1386 2475 1570 2525 srancaise
1595 2490 1602 2511 :

212 2553 224 2568 υ
252 2539 302 2572 Le
323 2536 500 2587 seigneur
520 2535 565 2571 de
584 2537 733 2573 Carnus.
761 2553 776 2568 »ι
800 2536 974 2587 Dugdale
994 2536 1087 2573 e'crit
1109 2549 1150 2573 ce
1167 2549 1273 2582 nom,
1296 2539 1454 2573 Canmis.

261 2598 299 2631 2.
330 2598 382 2631 Le
401 2608 494 2644 pays
512 2594 558 2631 de
578 2598 692 2632 Kent.

262 2659 297 2690 3.
329 2658 380 2691 Le
400 2655 531 2692 batard
552 2655 597 2692 de
616 2655 903 2705 Falconbridge,
925 2655 1086 2692 Thomas
1107 2655 1248 2692 Pewill.

262 2717 299 2752 t.
330 2717 386 2749 De
411 2713 544 2751 Calais
