1923 3020
652 281 796 316 LIBER
825 280 1089 318 SECUNDUS.
1505 278 1574 313 181

178 367 413 424 stantiam,
438 366 579 411 fidem
600 377 739 429 atque
760 367 1073 412 sinceritatem
1095 374 1376 429 compertas,
1400 375 1580 428 specta-

179 453 248 488 tas
271 453 315 488 et
341 443 603 505 exploratas
624 443 852 501 habebat,
880 460 975 488 non
1007 442 1090 487 fuit
1119 442 1178 487 ad
1209 441 1585 487 circumvenien-

180 519 294 564 dum
321 529 365 564 et
389 519 674 564 flectendum
702 519 846 565 facilis
872 519 996 564 illitis
1022 517 1159 563 melle
1186 517 1502 564 sermonibus.
1532 521 1585 563 Et

181 595 390 659 profecto
420 594 689 639 credibilius
719 605 809 653 est,
840 596 874 639 si
902 605 994 639 tam
1020 603 1241 638 constans
1271 603 1410 655 atquc
1438 592 1586 639 fidum

181 688 318 716 suum
362 686 546 733 semper
585 674 872 717 Francorum
915 688 993 716 rex
1027 669 1311 715 exhibuisset
1347 671 1588 732 ingenium

183 749 302 793 facto
335 756 379 792 et
412 764 578 810 opere,
611 764 752 810 quam
786 765 913 806 acre,
949 747 1085 792 velox
1117 756 1258 809 atque
1291 746 1513 792 callidum
1545 757 1591 792 et

183 832 420 868 versutum
461 823 507 867 in
545 823 701 868 multis
733 824 831 885 jam
864 822 1157 877 ostenderat,
1184 823 1336 884 ipsum
1362 838 1471 867 cum
1498 825 1589 867 An-

183 899 368 961 glorum
403 915 509 961 rege
547 909 591 944 et
630 916 802 962 regno,
842 898 971 962 quod
1006 899 1278 961 perquirere
1316 898 1588 959 videbatur,

184 976 334 1021 foedus
358 976 662 1021 inventurum
689 976 848 1021 fuisse.

249 1054 414 1113 Magna
448 1053 573 1103 enim
595 1062 639 1097 et
667 1054 759 1098 lata
786 1063 1015 1098 terrarum
1040 1051 1270 1103 dominia,
1298 1053 1391 1096 tam
1418 1052 1476 1097 de
1498 1052 1591 1098 suis

185 1145 327 1190 quam
353 1128 411 1174 de
438 1128 652 1174 hostibus
670 1130 742 1190 (ut
768 1129 889 1175 fama
918 1127 1186 1189 ferebatur),
1218 1127 1395 1172 eisdem
1427 1128 1594 1174 offere-

184 1205 306 1264 bat¹3
329 1223 381 1251 ex
398 1206 569 1268 quibus
587 1207 797 1267 ingentes
815 1205 1176 1252 commoditates
1194 1205 1450 1269 Anglorum
1467 1206 1593 1268 genti

185 1292 229 1328 et
256 1299 400 1344 regno
426 1282 556 1328 facile
582 1283 833 1345 provenire
856 1283 1136 1346 potuissent.

250 1359 340 1404 Sed
367 1360 618 1422 quoniam,
648 1370 761 1405 teste
785 1361 1036 1416 Cicerone,
1065 1359 1425 1405 fundamentum
1454 1359 1594 1405 stabi-

186 1437 325 1482 litatis
350 1437 739 1499 constantiaeque‚
771 1453 914 1500 quam
941 1437 987 1482 in
1016 1437 1231 1482 amicitiis
1255 1438 1507 1499 quaerimus
1527 1446 1595 1484 at-

187 1529 278 1575 que
304 1522 539 1575 optamus,
569 1522 636 1557 est
662 1512 776 1558 fides
794 1551 804 1571 ,
835 1512 984 1558 fidum
1010 1522 1166 1558 autem
1196 1529 1294 1558 esse
1318 1530 1414 1559 non
1445 1523 1598 1577 potest

188 1589 430 1652 multiplex
470 1590 710 1650 ingenium
751 1600 795 1635 et
842 1600 1136 1647 tortuosum,
1180 1607 1276 1636 non
1316 1592 1596 1637 existimavit

191 1666 434 1711 Edoardus
453 1676 605 1711 tutum
624 1666 708 1711 sibi
728 1684 814 1712 nec
834 1667 1124 1713 conveniens
1146 1667 1246 1713 fore
1269 1684 1379 1713 cum
1400 1667 1596 1714 homine

189 1744 234 1788 in
266 1760 363 1806 quo
394 1752 570 1788 tantam
601 1744 989 1803 inconstantiam,
1020 1744 1412 1807 multiplicitatem
1441 1754 1485 1790 et
1513 1760 1594 1790 va-

189 1822 401 1872 rietatem
426 1821 767 1883 comperiisset,
796 1820 946 1867 foedus
970 1820 1043 1866 vel
1067 1821 1295 1867 amicitias
1318 1821 1556 1884 copulare.

246 1995 278 2031 1.
313 1993 371 2028 On
395 1991 503 2028 disait
527 1994 546 2028 a
569 1991 604 2028 la
622 2005 713 2029 cour
734 1992 781 2029 (le
800 1995 1028 2043 Bourgogne
1052 2006 1126 2042 que
1146 1992 1261 2030 Louis
1278 1995 1334 2029 XI
1360 1992 1462 2029 avait
1484 1992 1597 2028 offert

190 2066 238 2090 au
258 2051 314 2089 roi
332 2051 595 2101 d'Angleterre
616 2050 662 2088 de
682 2051 733 2087 lui
755 2051 901 2089 donner
920 2052 955 2088 le
976 2065 1068 2102 pays
1088 2052 1135 2088 de
1155 2054 1280 2099 Caux,
1300 2054 1433 2088 Rouen
1449 2064 1473 2099 y
1493 2063 1597 2087 com-

191 2112 269 2162 pris
282 2143 290 2157 ,
312 2124 358 2148 en
378 2110 533 2147 l'aidant
552 2113 570 2145 a
590 2111 794 2159 conqnc'rir
815 2124 878 2147 sur
901 2111 955 2148 les
974 2111 1266 2161 Bourguignons
1286 2109 1487 2147 Abbeville
1508 2118 1544 2145 et
1564 2109 1599 2145 le

191 2172 313 2208 comte
339 2170 385 2207 ‹le
410 2171 612 2210 Pontbicu.
642 2174 710 2208 Les
732 2171 937 2220 premieres
964 2171 1112 2221 paroles
1133 2171 1179 2207 de
1207 2183 1249 2207 ce
1279 2169 1400 2219 projet
1426 2168 1600 2206 auraient

192 2233 250 2269 etc'
269 2232 387 2279 jete'es
411 2231 476 2268 des
499 2234 622 2275 «1466,
645 2244 793 2268 comme
811 2244 859 2267 on
881 2231 914 2268 le
934 2232 1013 2267 voit
1033 2244 1100 2280 par
1117 2242 1192 2266 une
1214 2229 1320 2266 lettre
1338 2228 1389 2265 du
1408 2236 1530 2265 comte
1550 2227 1598 2265 de

193 2290 387 2329 Cbarolais
407 2290 472 2339 qui
492 2293 570 2327 s'en
589 2290 708 2340 plaint
728 2304 775 2327 au
796 2290 853 2326 roi
874 2293 893 2327 a
914 2290 948 2327 la
969 2290 1054 2327 date
1075 2290 1126 2327 du
1154 2291 1203 2326 116
1223 2290 1325 2327 aolit.
1352 2290 1470 2337 (Cette
1490 2289 1598 2326 lettre

194 2364 214 2387 a
235 2351 292 2387 c'tc
312 2349 459 2386 donnee
480 2363 548 2399 par
569 2350 708 2386 Duclos
727 2381 735 2395 ‚
761 2354 857 2388 Ilm,
880 2352 926 2385 (le
948 2354 1058 2386 Laicis
1085 2352 1164 2395 XI,
1189 2349 1312 2398 pieces
1339 2347 1600 2394 justificatives

194 2409 245 2445 du
264 2409 331 2445 liv.
359 2410 440 2455 IV.)
457 2408 678 2458 Cependant
703 2409 756 2445 los
775 2409 1017 2445 instructions
1038 2419 1206 2445 connues
1223 2407 1288 2444 des
1308 2406 1600 2444 ambassadeurs

195 2468 241 2504 de
260 2466 374 2503 Lonis
393 2468 447 2502 XI
470 2466 649 2502 n'etaient
677 2466 782 2516 point
809 2467 925 2504 telles.
950 2467 978 2503 Il
1001 2480 1047 2503 ne
1073 2465 1256 2517 s'agissait
1278 2478 1353 2514 que
1382 2464 1532 2501 d’ofsrir
1551 2478 1601 2501 au

195 2527 251 2563 roi
273 2525 535 2576 d'Angleterre
556 2538 629 2562 une
646 2526 803 2576 pension
822 2526 999 2563 annuelle
1017 2535 1052 2562 et
1074 2525 1120 2562 (lc
1136 2526 1170 2562 le
1188 2525 1335 2562 leurrer
1358 2537 1422 2561 sur
1439 2537 1496 2560 ses
1514 2523 1601 2573 prc'-

197 2585 356 2622 tentions
373 2588 392 2621 a
407 2585 441 2621 la
459 2585 689 2622 Normandie
709 2593 745 2622 et
766 2587 785 2621 a
805 2585 1049 2635 l'Aquitaine,
1069 2598 1115 2622 en
1133 2584 1185 2621 lui
1199 2584 1341 2621 offrant
1359 2583 1405 2620 de
1423 2590 1601 2619 remettre

194 2652 290 2681 cette
310 2644 484 2693 question
508 2645 527 2679 a
544 2643 578 2680 la
597 2642 762 2680 decision
781 2643 832 2680 du
855 2656 964 2693 pape.
988 2642 1176 2694 Lingard,
1201 2651 1226 2680 t.
1255 2645 1307 2688 ΙΙ,
1330 2655 1362 2678 c.
1384 2654 1439 2680 1x.
