1923 3020
741 263 884 298 LIBER
912 261 1177 300 SECUNDUS.
1587 262 1662 298 183

261 351 579 410 molitionem,
614 366 716 412 quae
746 350 834 396 sibi
867 360 1034 395 contra
1066 366 1115 395 se
1149 359 1251 395 tum
1284 348 1657 413 praeparabatur,

259 428 428 474 avertit
469 437 513 473 et
551 444 799 473 vanescere
833 427 955 472 fecit.
991 430 1046 472 Et
1081 427 1268 489 utique,
1315 443 1426 472 cum
1465 435 1660 490 perante

259 504 485 549 amicitias
502 504 561 548 ad
579 505 832 549 llenricum
852 519 1010 564 regem
1027 502 1265 548 habuisset
1280 503 1375 564 (cui
1392 504 1662 566 propinqua

260 580 368 624 satis
394 588 490 624 erat
519 595 574 624 ex
599 590 811 625 materno
837 583 1025 642 genere¹
1050 579 1333 641 cognatione
1356 579 1664 641 conjunctus)

260 654 514 717 fuissetque
547 657 750 719 partium
782 673 974 702 suarum
1008 656 1269 713 studiosus,
1300 665 1345 700 et
1372 656 1515 701 etiam
1546 664 1663 702 tem-

259 747 376 793 pore
404 749 500 794 quo
526 743 657 796 pater
689 750 798 778 suus
830 732 1051 778 Edoardo
1084 733 1328 778 manifeste
1356 732 1569 791 favebat,
1602 733 1662 779 ad

260 807 410 853 foedus
434 826 542 854 cum
572 809 787 855 Ed‹›ar(lo
816 809 1078 855 ineundum
1105 819 1244 871 atque
1275 809 1537 855 feriendum
1563 827 1661 857 non

260 884 391 930 facile
420 887 632 931 animum
664 887 950 943 inclinasset,
984 886 1095 943 nisi,
1130 885 1192 931 ob
1226 887 1343 948 regis
1372 890 1661 934 Francorum

259 962 503 1009 molimina
542 980 643 1025 quie
676 964 722 1008 in
753 963 823 1007 sui
861 962 1053 1007 exitium
1087 961 1202 1007 illud
1233 963 1484 1026 praeripere
1516 981 1660 1011 cona-

256 1038 446 1096 bantur,
474 1040 743 1085 necessitate
763 1040 1034 1102 compulsus
1054 1038 1227 1085 fuisset.
1251 1039 1343 1084 Sed
1364 1055 1472 1084 curn
1493 1040 1541 1085 id
1564 1050 1660 1087 tam

257 1126 472 1162 accurate
502 1116 680 1178 exquiri
707 1116 956 1161 adversum
986 1131 1034 1161 se
1062 1116 1378 1178 conspiceret,
1410 1118 1660 1163 necessitas

258 1192 344 1239 sibi
375 1192 588 1238 incubuit
612 1203 662 1238 ut
693 1192 778 1238 sibi
802 1191 1018 1238 consulto
1043 1191 1312 1255 provideret
1335 1191 1654 1239 adversarios-

257 1286 349 1332 que
370 1270 663 1332 praeveniret,
693 1270 731 1315 si
754 1268 906 1315 salvus
930 1279 976 1314 et
998 1268 1265 1325 incolumis,
1291 1270 1328 1315 si
1352 1269 1530 1332 integer
1553 1287 1660 1333 per-

257 1348 417 1393 sistere
443 1348 597 1393 vellet.

323 1425 465 1470 Vacui
494 1425 649 1486 itaque
673 1425 859 1486 suisque
892 1423 1093 1469 frustrati
1121 1423 1368 1469 conatibus
1397 1425 1516 1487 regis
1545 1441 1658 1471 ora-

254 1510 401 1559 tores,
437 1517 654 1546 remenso
684 1501 822 1560 mari,
860 1499 918 1544 ad
951 1500 1143 1562 propria
1168 1501 1342 1545 reversi
1365 1503 1514 1546 sunt².
1545 1504 1658 1557 Quae

256 1594 327 1623 res
366 1577 488 1623 illius
526 1577 691 1641 perfidi
731 1577 789 1622 de
831 1576 1054 1622 Warm'clz
1096 1576 1309 1622 animum
1348 1594 1446 1622 non
1488 1594 1657 1641 parum

255 1655 474 1713 offendit,
503 1656 584 1701 sed
609 1656 653 1700 in
680 1655 845 1700 odium
866 1654 1070 1699 Edoardi
1094 1655 1398 1701 vehementer
1417 1655 1654 1712 accendit3

255 1733 385 1795 quod
418 1733 501 1778 etsi
531 1742 665 1790 tunc,
693 1742 935 1795 premente
961 1741 1111 1790 metu,
1139 1731 1448 1777 dissimulavit
1482 1749 1536 1778 ac
1572 1733 1660 1779 sub

255 1819 444 1872 pectore
467 1810 595 1866 texit,
618 1826 714 1854 non
742 1819 898 1854 tamen
916 1825 942 1855 a
959 1809 1188 1855 memoria
1202 1809 1289 1854 sibi
1309 1809 1480 1856 excidit
1503 1810 1664 1856 simul-

254 1896 493 1948 tatemque
519 1903 703 1948 semper
731 1886 898 1931 exinde
926 1886 1175 1932 adversum
1203 1886 1476 1932 Edoardum
1506 1904 1660 1934 serva-

255 1965 344 2018 vit,
383 1973 428 2008 et
465 1962 726 2024 Anglicanis
762 1963 948 2026 populis
982 1979 1069 2026 pro
1106 1963 1284 2008 viribus
1318 1980 1428 2009 eum
1463 1980 1658 2010 exosum

307 2139 321 2172 1
338 2168 341 2170 .
377 2138 424 2173 Sa
440 2134 695 2186 grand⁷1nere‚
716 2135 751 2171 la
774 2135 911 2172 femme
927 2135 979 2172 du
1001 2136 1058 2173 roi
1077 2138 1170 2173 Jean
1191 2135 1238 2173 de
1257 2135 1453 2187 Portugal,
1476 2135 1566 2173 etait
1585 2149 1660 2174 une

252 2196 442 2247 princesse
462 2196 509 2233 de
528 2199 743 2233 Lancastre.

305 2259 343 2295 ⁶2.
379 2275 395 2289 «
423 2259 479 2292 En
499 2270 542 2293 ce
562 2265 680 2305 temps
701 2256 801 2291 ‘aout
825 2257 937 2303 1467)
960 2256 1226 2292 retournerent
1245 2254 1296 2292 du
1319 2255 1517 2305 royaulme
1538 2255 1660 2293 d’An-

252 2314 414 2364 gleterre
442 2318 528 2365 Mgr
556 2313 752 2351 l'Admiral
778 2322 813 2350 et
834 2313 974 2350 aultres
995 2312 1125 2350 (lessus
1148 2326 1342 2361 nommez,
1364 2314 1430 2363 qui
1450 2314 1558 2363 ainsy
1578 2316 1660 2351 s’en

251 2376 409 2412 estoient
428 2376 506 2412 alez
530 2388 623 2411 avec
650 2373 762 2410 ledict
789 2373 835 2409 de
859 2373 1045 2410 Warwich
1069 2386 1118 2409 ou
1139 2385 1232 2422 pays
1257 2372 1537 2424 d’Angleterre.
1564 2376 1658 2410 Les-

251 2435 359 2483 quclz
379 2448 401 2483 y
428 2435 697 2471 (lemourerent
722 2434 986 2485 longuement,
1011 2441 1047 2469 et
1066 2436 1131 2482 n’y
1150 2433 1284 2470 seirent
1303 2434 1399 2473 rien.
1420 2437 1464 2470 Et
1481 2447 1549 2484 par
1570 2433 1659 2470 eulx

252 2493 365 2530 lcdict
384 2508 452 2543 roy
473 2493 736 2544 d’Angleterre
759 2493 896 2529 envoia
925 2506 973 2529 au
1001 2505 1070 2541 roy
1096 2492 1161 2529 des
1196 2501 1363 2543 trompes
1395 2493 1442 2530 de
1463 2493 1594 2530 chasse
1625 2500 1661 2529 et

251 2553 451 2591 bouteilles
472 2554 517 2590 ‹Ie
535 2568 642 2604 cuyr,
665 2554 896 2590 allencontre
915 2553 981 2590 des
1000 2553 1118 2589 belles
1135 2553 1260 2603 picces
1279 2553 1378 2600 d'or‚
1395 2566 1543 2603 couppe
1560 2552 1659 2600 d'or,

252 2613 447 2659 vaisselle‚
477 2613 678 2663 picrreries
706 2621 743 2650 et
772 2613 912 2650 aultres
942 2612 1060 2650 belles
1092 2613 1320 2664 besoingnes
1356 2628 1430 2664 que
1462 2614 1496 2650 le
1530 2626 1600 2663 roy
1625 2621 1664 2650 et

251 2672 391 2709 aultres
406 2673 601 2723 seigneurs
615 2672 768 2709 avolent
782 2672 927 2710 donnez
942 2672 1069 2709 audiet
1082 2673 1270 2710 Warwich
1287 2675 1306 2710 a
1323 2686 1389 2710 son
1406 2680 1631 2723 partement.
1643 2689 1658 2701 ι)

251 2730 469 2780 Chronique
495 2730 755 2768 scandaleuse.
