1923 3020
267 218 339 253 364
627 215 967 252 HISTORIARUM
997 215 1232 251 LUDOVICI
1258 217 1313 252 XI

264 304 358 350 lato
382 314 526 361 metu,
552 301 808 364 plurimum
833 310 878 346 et
901 301 1045 346 animi
1075 311 1118 346 et
1143 301 1326 349 fiduciae
1356 303 1488 349 facile
1513 307 1672 368 oppri-

266 380 424 426 mendi
455 377 846 439 Burgundionum
874 377 1044 423 ducem
1066 379 1361 426 accrescebat
1381 383 1672 427 Francorum

266 457 398 518 regi),
425 454 613 500 difficile
638 454 1051 518 periculosumque
1072 456 1209 503 valde
1233 457 1342 503 duci
1368 458 1543 516 fuisset,
1570 458 1671 504 tali-

265 533 350 577 bus
369 530 550 577 auxiliis
574 531 814 589 destituto,
841 531 900 577 de
923 531 1094 595 quibus
1120 534 1324 580 maxime
1350 550 1535 598 semper
1560 551 1673 580 con-

264 608 374 653 fisus
408 608 546 654 fuisse
568 607 817 654 videbatur
838 645 848 668 ‚
876 609 997 654 vires
1021 619 1063 655 et
1087 610 1350 673 potentiam
1377 612 1504 672 regni
1534 614 1674 657 Fran-

264 701 429 731 corum
462 685 715 731 adversum
753 702 801 731 se
837 686 1066 732 sustinere
1097 704 1106 730 :
1141 689 1396 750 praesertim
1441 705 1549 734 cum
1586 704 1673 733 nec

264 762 396 807 ducis
431 762 701 817 Britanniae‚
742 762 824 825 qui
857 762 953 824 jam
987 773 1185 825 perante
1225 764 1313 810 sub
1353 765 1525 827 treugis
1563 781 1673 809 cum

264 855 370 899 rege
392 838 613 896 vivebam,
638 855 723 884 nec
746 838 967 896 aliorum,
988 855 1109 901 quos
1135 839 1220 885 sibi
1248 841 1294 886 in
1320 857 1464 902 regno
1489 840 1674 886 occulte

266 916 517 963 foederatos
543 917 774 975 habebat,
808 916 982 963 auxilio
1011 916 1184 964 debere
1223 919 1456 964 consolari
1484 935 1672 983 sperare

265 1003 450 1056 posset,
485 1004 531 1039 et
554 993 712 1039 hostes
748 993 1086 1039 infensissimos
1120 1011 1146 1040 a
1181 1004 1312 1057 tergo
1339 994 1538 1041 haberet
1568 996 1672 1041 Sui-

265 1071 467 1115 tensium
496 1070 700 1134 populos
717 1108 728 1129 ‚
756 1088 865 1115 cum
892 1070 1049 1115 multis
1075 1071 1174 1116 aliis
1205 1070 1499 1134 principibus
1523 1082 1569 1117 et
1593 1090 1673 1118 co-

266 1146 671 1210 m[mun]itatibus
694 1148 982 1204 Germania&
1011 1147 1188 1192 eisdem
1213 1147 1272 1192 ad
1301 1147 1674 1211 opprimendum

266 1234 327 1282 et,
355 1226 391 1270 si
416 1235 623 1288 possent,
649 1223 1043 1285 exstinguendum
1077 1224 1471 1287 Burgundionum
1496 1241 1674 1270 nomen

266 1302 500 1348 foederatis
523 1312 569 1347 et
589 1301 835 1362 colligatis.

331 1379 654 1424 Necessarium
682 1378 838 1440 itaque
866 1376 1228 1440 quodammodo
1257 1389 1357 1424 erat
1386 1378 1496 1425 duci
1532 1378 1676 1424 absti-

266 1455 475 1500 nentiam
509 1454 619 1500 belli
643 1471 752 1500 cum
772 1458 1062 1500 Francorum
1092 1471 1198 1517 rege
1224 1455 1360 1501 inire.
1388 1459 1444 1500 Et
1482 1455 1676 1502 faculta-

266 1541 361 1577 tem
387 1532 579 1594 quidem
614 1548 667 1577 ea
691 1531 932 1594 potiundi,
961 1533 997 1576 si
1028 1531 1198 1589 vellet,
1228 1532 1486 1594 Anglorum
1518 1550 1594 1578 rex
1627 1534 1674 1578 in

267 1610 413 1671 pactis
442 1610 536 1654 suis
565 1608 651 1654 sihi
687 1619 968 1666 reservarat3
999 1626 1051 1655 ex
1077 1626 1174 1672 quo
1200 1611 1325 1654 ωτι]2
1348 1626 1454 1655 eam
1480 1609 1566 1655 sibi
1592 1626 1675 1673 po-

267 1687 351 1730 tuit
380 1686 556 1732 facilius
581 1703 606 1732 a
632 1686 818 1732 Francis
846 1685 1078 1732 obtinere.
1109 1689 1282 1747 Verum
1307 1703 1417 1733 cum
1441 1703 1528 1750 pro
1551 1703 1605 1733 ea
1628 1704 1676 1732 re

265 1761 442 1824 legatos
460 1763 516 1808 ad
539 1767 827 1809 Francorum
843 1780 1001 1826 regem
1022 1763 1315 1821 destinasset²
1333 1764 1514 1810 curavit
1537 1763 1675 1809 etiam

267 1853 315 1888 ut
339 1853 511 1907 treugae
542 1844 709 1890 fiendae
736 1844 983 1890 utilitatem
1016 1843 1104 1889 sibi
1143 1844 1389 1900 afferrent,
1416 1854 1461 1890 et
1494 1844 1677 1907 specia-

265 1922 386 1968 libus
422 1922 604 1985 legibus
638 1940 710 1969 res
747 1940 854 1969 eum
881 1923 1226 1985 contingentes,
1256 1922 1510 1985 expressim
1535 1930 1677 1983 atque

267 2002 564 2060 nominatim,
600 2011 755 2047 essent
778 2000 977 2064 publicis
1003 1999 1217 2062 apicibus
1242 1999 1508 2060 designatae.

331 2078 450 2122 Sane
475 2088 585 2123 tunc
613 2077 840 2140 temporis
865 2076 1067 2121 maxime
1092 2074 1342 2121 affectabat
1366 2090 1447 2119 rex
1471 2077 1676 2119 Franco·

269 2170 371 2198 rum
398 2155 564 2216 punire
588 2171 680 2199 suae
713 2154 887 2199 militiae
921 2154 1215 2217 principem,
1245 2168 1386 2215 quem
1419 2167 1563 2215 supra
1601 2167 1678 2196 re-

321 2292 357 2325 1.
377 2292 429 2325 La
444 2291 549 2326 tri-vo
563 2291 908 2342 ontrelaBretagne
922 2299 958 2327 et
971 2290 1007 2327 la
1019 2291 1163 2327 France
1176 2288 1276 2326 avait
1288 2287 1396 2325 finile
1408 2290 1421 2324 1
1433 2294 1460 2309 θ’
1472 2286 1546 2323 mai
1558 2289 1571 2323 1
1583 2288 1675 2334 475,

267 2357 303 2385 et
324 2348 358 2385 le
378 2348 450 2384 duc
467 2380 476 2395 ‚
504 2350 614 2398 apres
635 2351 743 2386 avoir
766 2351 843 2401 pris
865 2350 1024 2386 alliance
1045 2361 1136 2386 avec
1156 2348 1191 2385 le
1215 2348 1271 2385 roi
1291 2347 1578 2399 d’Angleterrc‚
1607 2359 1678 2383 ve-

265 2408 344 2444 nait
375 2407 421 2444 de
444 2422 666 2457 convoquer
686 2423 753 2445 son
781 2409 1036 2446 arricre-ban.
1063 2411 1161 2445 C'est
1184 2421 1276 2445 avec
1299 2408 1425 2444 raison
1454 2405 1678 2443 ne'anmoins

266 2480 340 2516 que
364 2467 527 2504 l’auteur
552 2467 604 2503 (lit
629 2481 702 2516 quc
725 2469 879 2506 Chai-les
902 2470 935 2506 le
960 2468 1176 2506 Tomeraire
1202 2468 1343 2505 n’avait
1366 2480 1432 2517 pas·
1462 2470 1482 2503 a
1507 2474 1678 2516 compter

267 2540 332 2563 sur
345 2526 414 2571 lui,
427 2528 521 2562 cara
535 2526 570 2562 la
581 2526 666 2562 date
679 2526 727 2562 ‹lu
742 2528 940 2575 ffltjuillet,
963 2528 986 2564 il
1004 2527 1120 2574 jurait
1135 2541 1209 2564 aux
1229 2527 1396 2576 envoycs
1412 2526 1457 2563 de
1468 2526 1583 2563 Louis
1597 2527 1673 2561 XI:

271 2601 289 2618 a
319 2584 411 2634 qu'il
445 2598 492 2621 ne
516 2584 662 2621 vouloit
695 2593 793 2622 estre
819 2586 986 2636 anglois,
1010 2595 1045 2623 et
1063 2586 1198 2633 jamais
1225 2599 1272 2622 ne
1294 2585 1477 2635 porteroit
1508 2584 1543 2620 la
1572 2582 1676 2620 croix

269 2656 401 2693 rouge.
435 2660 451 2677 ω
476 2648 573 2681 Doni
593 2644 750 2689 Moriee,
773 2658 850 2695 pr.,
873 2653 900 2681 t.
924 2647 1004 2690 ΙΙΙ,
1025 2645 1099 2682 col.
1124 2647 1215 2690 272,
1239 2647 1330 2682 274.

323 2704 359 2739 Ξ.
397 2704 482 2739 Cum
505 2702 597 2740 dans
616 2703 649 2740 le
671 2716 738 2741 ms.
