1923 3020
741 253 882 288 LIBER
912 253 1105 289 PRIMUS.
1574 255 1618 288 39

229 340 375 385 multo
397 341 729 402 molestiorque
746 340 899 385 fuerit.
922 342 1038 385 Nam
1057 349 1101 384 et
1126 339 1188 384 illi
1212 339 1379 401 egregii
1401 339 1620 385 officiales

228 416 437 462 domanii
463 417 648 479 regalis,
677 417 759 479 qui
788 425 881 461 tam
911 416 1042 461 avide
1068 414 1344 461 factionibus
1373 415 1622 461 advocato—

228 509 330 536 rum
355 494 543 554 (quales
571 503 614 538 et
641 494 723 556 ipsi
750 494 877 553 sunt)
899 491 1171 554 hujusmodi
1191 491 1516 537 collectionem
1542 492 1622 536 tri-

227 568 451 613 butorum
489 569 660 614 habere
696 570 1009 632 expetierant,
1044 585 1140 613 non
1175 568 1353 626 minus,
1389 568 1468 613 sed
1506 569 1623 615 forte

227 643 407 690 avidius
437 645 575 690 etiam
611 645 1001 691 concussionibus
1034 655 1079 690 et
1108 645 1280 708 rapinis
1312 645 1625 691 incubuerunt

225 721 514 783 (hujusmodi
540 725 796 769 ministeria
816 723 903 769 sibi
924 741 1018 767 non
1041 723 1117 768 diu
1144 723 1365 769 duratura
1382 724 1489 769 satis
1507 725 1622 770 aesti-

228 801 434 855 mantes)
467 817 608 862 quam
648 800 881 863 prioribus
916 800 1049 845 annis
1082 799 1301 845 officiales
1340 799 1622 846 tributorum

228 877 375 921 facere
401 887 718 921 consuessent.

288 952 444 998 Talem
469 953 623 1014 igitur,
650 970 703 998 ex
721 950 1111 1015 promissionibus
1134 951 1390 996 clementiae
1414 961 1459 997 et
1482 951 1621 998 bene-

227 1029 420 1075 ficentiae
444 1029 627 1091 regalis,
666 1032 711 1075 in
740 1029 953 1091 jucundo
985 1044 1070 1073 suo
1097 1027 1304 1072 adventu
1340 1029 1494 1086 factis,
1530 1031 1622 1075 exi-

227 1115 324 1150 tum
363 1116 502 1167 atque
541 1105 740 1150 fructum
783 1106 947 1151 misera
978 1103 1263 1149 Normannia
1302 1104 1501 1162 invenit3
1539 1107 1619 1168 qui

226 1191 380 1226 tamen
419 1199 519 1238 rex,
548 1191 678 1245 patre
714 1182 897 1226 vivente
930 1191 975 1226 et
999 1197 1055 1226 eo
1079 1196 1269 1242 quoque
1295 1190 1506 1225 recenter
1538 1182 1619 1227 de-

226 1257 384 1302 functo
402 1294 412 1314 ‚
440 1257 593 1302 dicere
617 1257 780 1302 solitus
804 1266 901 1302 erat
931 1273 976 1302 se
1010 1256 1137 1301 illam
1169 1255 1344 1301 caeteris
1368 1257 1620 1319 provinciis

223 1334 353 1394 regni
377 1333 550 1379 habere
574 1334 835 1379 chariorem
856 1369 867 1388 2
896 1333 1141 1395 eidemque
1164 1332 1364 1377 maxime
1387 1335 1615 1397 compati,

224 1410 353 1471 quod
383 1420 474 1455 tam
499 1410 691 1455 immani
714 1419 758 1455 et
785 1410 957 1471 injusto
991 1409 1293 1455 collationum
1318 1419 1458 1473 atque
1483 1413 1621 1457 vecti-

223 1485 394 1547 galium
421 1503 565 1531 onere
590 1496 894 1548 premeretur.

289 1564 381 1607 Nec
422 1579 530 1607 vero
569 1578 673 1607 eam
712 1563 1047 1625 promissorum
1090 1562 1298 1624 ejusdem
1345 1562 1485 1608 fidem
1524 1564 1618 1610 sola

224 1640 538 1697 Normannia,
581 1639 661 1684 sed
703 1655 867 1684 omnes
904 1638 1045 1683 ferme
1078 1638 1331 1684 Galliarum
1365 1640 1619 1702 provinciae

222 1725 512 1777 compertam
552 1715 847 1773 habuerunt3
874 1731 975 1777 quae
998 1732 1094 1760 non
1132 1715 1278 1760 modo
1305 1732 1400 1761 non
1434 1716 1615 1774 levatae,

222 1791 301 1836 sed
327 1802 371 1836 et
404 1792 608 1837 adaucta=
635 1802 677 1836 et
710 1792 872 1837 durius
895 1802 1071 1837 onustae
1095 1791 1422 1837 collationibus
1442 1803 1485 1837 et
1513 1810 1618 1839 vec-

223 1867 434 1929 tigalibus
484 1868 769 1913 exstiterunt.
820 1867 954 1912 Unde
1000 1867 1092 1913 hoc
1132 1868 1237 1912 loco
1283 1868 1618 1915 convenienter

220 1944 494 1988 inserendus
533 1943 671 1988 nohis
694 1943 878 1989 videtur
909 1960 1041 1989 casus
1072 1942 1383 1989 lamentabilis
1415 1945 1495 2006 qui
1534 1946 1617 1990 Re-

222 2037 409 2066 morum
441 2020 698 2077 civitatem,
737 2020 849 2065 olim
882 2021 1264 2082 insignissimam,
1294 2037 1348 2066 ex
1373 2021 1618 2067 occasione

222 2103 587 2165 promissionum
622 2119 704 2164 per
738 2119 916 2163 regem,
952 2113 1001 2147 ut
1040 2119 1180 2165 supra
1221 2102 1490 2159 retulimus,
1530 2103 1617 2148 loci

220 2179 398 2224 civibus
421 2178 607 2242 publice
633 2178 884 2235 factarum,
911 2179 1237 2243 apprehendit.

285 2256 486 2301 Vixdum
514 2256 663 2311 enim,
687 2264 936 2318 postquam
963 2255 1054 2300 illic
1086 2273 1161 2301 rex
1193 2257 1411 2302 inunctus
1441 2257 1585 2303 fuerat
1606 2294 1615 2312 ,

223 2333 461 2378 mensibus
499 2332 684 2377 (luobus
729 2333 907 2377 eslluxis
926 2370 937 2391 ⁷
986 2333 1098 2378 dum
1146 2333 1366 2379 officiales
1417 2334 1619 2380 tributo—

222 2425 325 2453 rum
365 2420 610 2454 consuetas
649 2408 850 2470 gabellas
878 2419 922 2454 et
952 2410 1274 2473 impositiones
1303 2412 1401 2473 <uti
1427 2423 1618 2476 perante

221 2485 406 2530 solitum
448 2496 575 2535 erat
608 2485 866 2531 subhastari
908 2486 1135 2546 facerent,
1176 2497 1225 2532 ut
1261 2489 1468 2551 potiores
1506 2506 1617 2534 coi:-

219 2561 420 2606 ditiones
466 2563 508 2606 in
558 2562 810 2607 licitatione
856 2562 1158 2609 offerentibus
1206 2565 1585 2626 adjudicarentur
1604 2601 1614 2620 ‚

222 2653 451 2682 memores
472 2637 634 2700 populi
655 2639 1018 2700 promissionum
1040 2639 1127 2685 sibi
1152 2650 1363 2686 recenter
1385 2658 1464 2686 ore
1490 2643 1616 2704 regio

223 2714 474 2773 factarum,
505 2714 816 2759 existimantes
853 2714 950 2760 haec
986 2733 1079 2760 non
1115 2734 1251 2780 posse
1285 2734 1335 2761 ex
1374 2718 1616 2780 principali
