1923 3020
323 264 369 298 23⁶.)
687 263 980 299 HISTORIARU
987 265 1021 298 M
1053 263 1285 299 LUDOVICI
1315 265 1369 299 XI

320 348 535 411 pellatur]
569 348 628 394 ad
659 349 1024 412 quadringentos
1058 349 1180 395 mille
1211 349 1395 396 francos
1428 351 1587 413 patriae
1619 369 1719 398 mo-

321 427 477 469 netae¹.

383 503 484 546 Hoc
507 511 662 547 autem
685 502 844 547 audito
869 502 986 562 regis
1011 518 1262 564 responso,
1291 503 1371 564 qui
1397 502 1722 567 prudentiores

318 587 451 622 erant
472 587 518 622 et
541 578 686 639 magis
710 594 867 623 rerum
887 577 1213 639 hujuscemodi
1236 580 1436 642 experti,
1470 578 1589 624 fictis
1626 589 1723 624 tau-

318 653 564 699 tummodo
599 653 894 699 sermonibus
923 654 1206 699 tributorum
1240 656 1434 717 gratiam
1468 672 1521 701 ac
1559 656 1722 700 remis-

317 730 499 776 sionem
525 747 608 795 per
631 747 787 792 regem
811 730 1040 790 simulari,
1069 748 1118 776 re
1137 741 1294 777 autem
1312 732 1412 796 ipsa
1432 731 1546 777 nihil
1569 733 1722 777 minus

318 811 474 855 oneris
493 811 737 874 imponere
759 810 873 856 velle
897 810 1076 872 liquido
1102 810 1442 856 intellexerunt.
1470 811 1560 856 Sed
1584 810 1722 856 obtu-

317 887 438 932 siore
473 904 608 933 seusu
649 897 692 933 et
731 888 1031 949 intelligentia
1081 887 1335 933 multitudo
1379 888 1718 934 advocatorum

317 964 608 1010 saecularium
632 965 813 1027 patriae,
840 965 917 1010 tali
942 965 1158 1010 suasione
1177 965 1362 1023 delusa,
1391 981 1609 1028 magnam
1633 967 1719 1011 sibi

317 1058 401 1104 per
423 1058 580 1103 regem
603 1041 759 1086 offerri
787 1042 980 1102 gratiam
1006 1040 1278 1086 aestimal)at.

383 1120 459 1163 Est
473 1118 600 1162 enim
617 1118 662 1162 in
680 1118 984 1175 Normannia,
1002 1133 1086 1180 per
1103 1132 1267 1161 omnes
1282 1117 1533 1179 provinciae
1545 1127 1714 1181 partes,

317 1195 481 1256 ingens
508 1195 799 1241 saecularium
828 1195 1166 1240 advocatorum
1195 1210 1441 1252 numerus,
1476 1196 1521 1239 in
1549 1195 1718 1257 quibus

315 1272 615 1334 quamplures
648 1281 756 1316 sunt
786 1271 1082 1333 nequissimi,
1118 1271 1349 1334 populum
1380 1281 1510 1317 terrae
1540 1273 1585 1316 iu
1617 1272 1718 1319 lites

313 1358 355 1392 et
376 1349 574 1394 forensia
592 1349 866 1407 certamina,
891 1348 950 1394 ad
968 1364 1085 1411 quas
1103 1349 1241 1394 nimis
1265 1349 1480 1411 proclivis
1505 1360 1549 1395 et
1574 1350 1716 1395 facilis

313 1427 503 1485 exsistit,
532 1427 842 1484 concitantes3
870 1436 915 1471 et
943 1427 989 1470 in
1014 1425 1286 1488 hujusmodi
1311 1425 1468 1471 litibus
1492 1427 1714 1472 eumdem

315 1505 568 1566 populum,
598 1505 692 1548 imo
718 1504 873 1548 verius
898 1503 1170 1565 semetipsos
1195 1519 1248 1548 ex
1275 1503 1353 1548 tali
1378 1501 1566 1566 publica
1590 1513 1716 1566 peste

313 1580 571 1625 nutrientes
592 1589 637 1625 et
659 1581 891 1637 foventes;
919 1581 999 1642 qui
1022 1590 1166 1625 totam
1192 1579 1358 1643 populi
1383 1579 1711 1637 substantiam,

311 1673 414 1718 quae
452 1657 668 1702 censibus
709 1667 753 1702 et
791 1658 975 1703 tributis
1015 1656 1212 1720 publicis
1253 1665 1407 1720 potest
1448 1672 1711 1719 superesse,

310 1733 430 1779 dolis
459 1744 502 1779 et
532 1734 777 1779 calumniis
809 1736 901 1779 suis
934 1734 1214 1780 exhauriunt
1242 1744 1287 1779 et
1316 1743 1543 1796 exsugunt
1572 1751 1579 1778 :
1610 1749 1714 1796 pra-

311 1827 420 1855 vum
457 1811 666 1874 profecto
705 1811 1030 1873 hujuscemodi
1065 1827 1209 1873 genus
1247 1810 1523 1867 hominum,
1563 1825 1713 1870 quan-

309 1904 450 1948 quam
467 1887 701 1933 interdum
715 1888 928 1933 nonnulli
944 1889 1063 1933 iuter
1074 1896 1281 1944 caeteros,
1300 1887 1521 1932 rarissimi
1537 1895 1709 1944 tamen,

311 1963 555 2025 paululum
572 1965 799 2027 aequiores
816 1965 1127 2010 inveniantur.
1148 1965 1198 2021 li,
1221 1963 1327 2009 licet
1345 1964 1437 2009 sint
1454 1963 1711 2009 litterarum

364 2102 397 2136 1.
431 2100 719 2138 L'ordonnance
740 2101 896 2138 relative
916 2102 935 2136 21
954 2108 1011 2137 (zet
1029 2099 1285 2137 abonnement
1304 2101 1359 2136 sut
1377 2098 1521 2136 rendue
1540 2098 1575 2137 le
1591 2102 1611 2135 4
1627 2100 1711 2146 jan-

310 2157 391 2193 vier
415 2161 507 2195 '1451
542 2164 550 2206 ιζ
562 2174 598 2197 v.
621 2164 705 2207 ει),
733 2162 753 2196 ἐι
778 2163 911 2196 Tours.
942 2162 1044 2196 Nous
1072 2172 1119 2196 ne
1146 2159 1180 2195 la
1206 2159 1449 2196 connais-sons
1469 2170 1542 2208 quc
1566 2171 1635 2208 par
1659 2172 1709 2195 un

311 2217 549 2255 mandemeut
571 2220 621 2255 (lu
641 2222 690 2255 028
707 2232 805 2255 mars
823 2221 923 2255 1462
946 2223 997 2265 (v.
1018 2222 1101 2265 εἰῇ),
1123 2218 1298 2268 imprimc'
1317 2217 1407 2255 dans
1428 2218 1460 2254 le
1481 2220 1632 2254 Reeaeil
1647 2219 1711 2253 des

309 2279 551 2312 orclotmmzcm
575 2282 616 2324 (t.
639 2281 721 2325 XV,
743 2293 780 2328 p.
805 2280 914 2325 ‹527);
943 2278 1034 2314 mais
1056 2290 1098 2314 ce
1124 2277 1365 2314 mandement
1387 2285 1475 2327 peut
1501 2277 1711 2327 remplacer

305 2334 455 2384 jusqu’ii
486 2350 535 2371 un
559 2337 699 2373 certain
728 2338 831 2387 point
866 2336 1161 2382 l’ordonnance,
1194 2349 1304 2386 parce
1329 2336 1418 2386 qu'il
1447 2349 1493 2372 en
1522 2336 1710 2373 seusei-me

310 2402 430 2431 toutcs
448 2395 499 2430 les
519 2394 756 2443 dispositions
772 2396 862 2433 (lans
879 2410 937 2432 ses
957 2395 1229 2432 consido-ants.
1249 2397 1304 2431 On
1325 2409 1347 2444 y
1366 2395 1443 2431 voit
1463 2394 1497 2431 le
1513 2394 1710 2444 (li-compte

310 2452 373 2489 des
391 2456 465 2489 400
480 2456 555 2488 000
572 2453 698 2499 livrcs,
715 2454 804 2489 <lom
820 2457 893 2490 300
909 2457 984 2492 000
998 2454 1135 2490 etaient
1152 2454 1325 2503 rc'putees
1340 2453 1473 2490 devoir
1487 2465 1710 2503 compenset·

309 2511 344 2548 la
365 2512 463 2548 taille
481 2543 489 2559 ,
513 2514 561 2548 75
576 2516 650 2547 000
673 2512 724 2547 les
748 2513 884 2561 impots
912 2527 976 2548 sur
1001 2513 1052 2549 les
1074 2513 1265 2557 boissons,
1288 2521 1324 2549 ct
1343 2514 1393 2548 25
1409 2516 1484 2549 000
1508 2512 1541 2549 la
1562 2512 1707 2562 gabelle

309 2569 360 2606 du
376 2571 442 2607 sel.
464 2574 532 2607 Les
549 2571 727 2607 vicomtcs
746 2570 796 2606 ‹lu
817 2585 906 2620 pays
926 2572 1063 2608 etaient
1080 2572 1237 2621 charges
1256 2570 1301 2607 de
1319 2571 1353 2607 la
1371 2572 1589 2622 perception
1610 2571 1656 2608 de
1672 2571 1706 2608 la

311 2630 409 2666 tuille
429 2638 465 2666 et
485 2630 530 2666 ‹le
551 2630 695 2679 l'impot
716 2629 780 2665 (les.
801 2629 983 2677 boissous,
1007 2631 1128 2667 tundis
1148 2644 1221 2680 que
1238 2631 1272 2667 la
1288 2631 1505 2681 perception
1525 2630 1571 2667 de
1588 2630 1623 2667 la
1643 2642 1707 2680 ga-

309 2688 406 2725 belle
434 2689 558 2725 ‹levait
582 2693 659 2725 &tre
685 2688 828 2724 confice
857 2691 875 2723 a
903 2689 968 2724 (les
998 2699 1126 2738 agents
1156 2690 1328 2726 nommes
1356 2703 1423 2739 par
1450 2690 1501 2726 les
1527 2688 1703 2738 de'le'gues

309 2748 373 2785 des
401 2752 512 2786 lltats.
