1923 3020
322 250 397 284 180
685 241 1023 279 HISTORIARUM
1053 240 1287 276 LUDOVICI
1313 240 1368 274 XI

319 336 491 382 comite
521 330 836 394 appulissent,
865 326 1218 390 comperierunt
1240 324 1331 369 illic
1353 324 1495 369 etiam
1518 339 1571 367 ex
1598 334 1725 386 parte

321 408 617 456 illustrissimi
651 405 829 463 Caroli,
866 401 1257 465 Burgundionum
1287 400 1420 445 ducis
1452 400 1569 462 (jam
1600 399 1726 444 enim

316 489 413 548 ejus
431 484 630 545 genitor,
651 495 703 527 ut
720 482 942 537 diximus,
966 481 1011 524 in
1033 478 1123 524 sata
1140 477 1472 537 concesserat),
1494 475 1728 520 solemnes

317 563 492 623 legatos
531 575 698 605 eorum
731 557 1010 622 praevenisse
1045 555 1319 600 adventum.
1357 556 1460 599 Non
1493 553 1618 598 enim
1648 567 1730 596 ne-

317 639 438 683 scius
471 635 865 697 Burgundionum
894 633 989 678 dux
1017 642 1141 690 erat,
1175 631 1331 694 qualia
1356 640 1522 676 contra
1547 646 1594 675 se
1623 645 1725 687 reX,

318 732 399 779 per
430 715 751 758 interventum
777 710 899 757 illius
925 708 1225 774 perfidissimi
1251 707 1474 753 nutriat-h
1493 744 1502 762 ,
1531 713 1730 751 strueret

317 801 457 853 atque
481 788 831 834 machinaretur
856 786 1123 842 molimina,
1152 794 1477 848 quantumque
1502 783 1587 828 sibi
1613 782 1730 827 suis-

316 886 406 931 que
434 866 671 913 foederatis
699 874 742 910 et
773 863 971 909 subditis
998 862 1192 908 allatura
1219 861 1371 907 forent
1401 860 1654 925 praejudicii
1685 868 1730 903 et

313 944 524 1004 jacturae,
551 942 587 986 si
608 943 741 1003 juxta
761 943 1052 985 Francorum
1076 938 1194 999 regis
1216 947 1377 982 votum
1400 935 1725 1000 procederent,

319 1030 363 1065 et
390 1036 492 1082 quae
527 1018 615 1063 sibi
649 1018 737 1081 ipsi
768 1016 841 1061 ille
873 1014 1080 1079 perfidus
1107 1031 1266 1059 comes
1295 1013 1440 1057 fuerat
1469 1012 1725 1075 pollicitus,

318 1096 597 1140 sortirentur
618 1093 852 1139 effectum.
875 1091 1011 1136 Unde
1031 1090 1290 1153 prudenter
1311 1105 1363 1133 ac
1388 1089 1622 1151 sapienter
1642 1088 1730 1132 ini-

323 1173 552 1218 micorum
596 1170 897 1232 antecapiens
928 1167 1202 1224 consilium,
1235 1165 1431 1211 curabat
1465 1164 1731 1226 diligentius

324 1267 379 1294 ue
406 1266 454 1294 se
479 1249 633 1312 ipsum
660 1246 803 1292 iidem
832 1244 1009 1289 inimici
1034 1244 1078 1288 in
1106 1242 1435 1305 hujuscemodi
1460 1241 1729 1304 copulando

323 1326 494 1371 {tedere
518 1324 852 1387 praevenirent,
882 1320 964 1365 sed
986 1320 1099 1365 illud
1122 1320 1231 1383 ipsis
1252 1329 1387 1365 cauta
1408 1318 1726 1382 providentia,

320 1403 458 1448 bonis
483 1412 624 1464 atque
654 1400 865 1445 honestis
895 1397 1098 1457 artibus,
1132 1399 1290 1461 potius
1321 1398 1583 1461 praeriperet
1615 1414 1731 1442 suae-

321 1498 411 1543 que
440 1479 649 1525 utilitatis
674 1476 916 1523 efficeret¹.

384 1558 596 1603 Teutavit
632 1556 771 1617 igitur
800 1554 874 1599 ille
907 1554 1153 1612 [sumt-le,
1188 1552 1489 1598 varietatibus
1519 1552 1733 1616 dolisque

323 1634 564 1696 insigniter
588 1633 865 1690 instructus,
894 1646 946 1675 ea
979 1647 1081 1692 quae
1117 1630 1213 1691 regi
1240 1633 1526 1675 Francorum
1559 1630 1732 1693 promi-

323 1714 454 1758 sisset
486 1710 689 1757 efficere.
717 1712 977 1754 'I'entarunt
999 1707 1091 1753 hoe
1118 1717 1163 1753 et
1194 1708 1282 1771 ipsi
1317 1708 1436 1768 regis
1464 1707 1624 1769 legati,
1655 1723 1733 1752 va-

327 1791 414 1835 rias
437 1799 479 1834 et
506 1788 713 1833 diversas
735 1786 999 1849 aperientes
1025 1784 1148 1830 fores
1168 1795 1307 1846 atque
1333 1785 1450 1841 vias,
1476 1784 1570 1828 acri
1594 1793 1733 1846 atque

325 1864 528 1910 versatili
572 1867 863 1910 Francorum
909 1862 1027 1924 regis
1064 1862 1253 1923 ingenio
1290 1861 1593 1919 adinventas,
1633 1877 1734 1923 spe-

326 1943 444 1987 ciem
465 1957 681 2003 magnam
702 1949 1000 2003 prswenturae
1019 1938 1128 1983 inde
1148 1938 1346 2000 ingentis
1368 1938 1621 1998 Anglorum
1641 1938 1732 1998 regi

329 2030 372 2065 ct
410 2036 554 2082 regno
584 2018 792 2064 utilitatis
826 2015 1188 2079 protendentes,
1221 2025 1265 2061 et
1291 2032 1393 2077 quae
1427 2015 1734 2059 verisimiliter

332 2098 472 2159 ipsius
503 2095 709 2140 Edoardi
746 2094 960 2139 animum
995 2093 1054 2138 ad
1090 2092 1177 2137 sibi
1217 2092 1567 2138 assentiendum
1604 2092 1735 2154 pelli-

332 2190 436 2218 cere
461 2172 749 2217 debuissent.
778 2170 869 2215 Sed
898 2171 996 2233 ipse
1028 2168 1293 2228 Edoardus,
1326 2169 1404 2231 qui
1431 2168 1527 2229 jam
1560 2178 1657 2212 tum
1690 2169 1735 2213 in

332 2249 599 2310 semetipso,
630 2258 732 2293 tum
758 2248 803 2291 in
831 2246 930 2291 aliis
959 2245 1133 2304 inultis,
1164 2248 1449 2290 Francorum
1476 2244 1592 2305 regis
1617 2260 1736 2289 con-

387 2423 423 2459 1.
456 2424 525 2458 Les
551 2420 674 2470 picccs
694 2420 865 2469 publiCes
886 2434 954 2471 par
976 2423 1120 2469 Rymer
1141 2420 1381 2457 demontrent
1399 2432 1473 2468 que
1493 2419 1739 2456 l'ambassade

334 2481 380 2518 de
401 2483 629 2530 Bourgognc
651 2479 750 2515 alluit
775 2493 850 2515 non
874 2494 940 2529 pas
960 2479 1143 2516 cherclier
1163 2493 1212 2516 un
1234 2479 1389 2523 accord,
1414 2479 1506 2515 mais
1524 2477 1611 2515 bien
1641 2478 1739 2514 don-

334 2552 401 2576 ner
424 2539 522 2576 dela
545 2538 723 2588 publicin·
746 2540 764 2573 ξι
788 2538 853 2574 des
873 2547 1143 2588 engagements
1168 2539 1233 2587 qui
1257 2539 1453 2575 existaient
1475 2538 1558 2584 dejii
1578 2545 1683 2574 entre
1704 2537 1739 2574 le

334 2599 406 2635 duc
435 2598 588 2635 Cliarles
617 2605 648 2633 ct
683 2597 715 2633 lc
740 2597 793 2632 roi
824 2590 1023 2641 lidentu'd3
1053 2606 1136 2634 tous
1163 2597 1262 2634 deux
1290 2597 1460 2634 §etaient
1487 2598 1609 2633 meme
1634 2596 1739 2645 passe

333 2658 526 2709 signature
548 2659 567 2693 a
589 2671 630 2693 cc
655 2656 747 2704 sujct
765 2684 773 2699 ‚
800 2664 835 2691 ct.
856 2655 890 2691 la
915 2655 1048 2691 c‹[·‹lulc
1071 2657 1120 2692 du
1142 2657 1215 2693 (luc
1235 2656 1281 2693 de
1302 2660 1528 2707 Bourgogne
1549 2655 1685 2705 portait
1705 2655 1738 2692 la

333 2717 418 2753 date
440 2717 490 2753 du
510 2719 558 2753 ‘24
579 2715 734 2752 octobre
757 2716 857 2751 1466
884 2716 921 2759 st.
950 2716 1020 2760 XI,
1044 2728 1082 2763 p.
1111 2718 1214 2761 2380).
