1923 3020
309 282 355 316 36
663 280 998 315 HISTORIARUM
1024 280 1256 313 LUDOVICI
1286 279 1339 312 xl

308 369 438 428 logiae
472 368 724 429 professor,
767 368 1016 429 episcopus
1054 366 1370 422 Abriucensis‚
1411 373 1454 408 et
1492 365 1705 424 magister

308 442 522 488 Nicolaus
553 442 611 488 de
649 444 835 498 Bosco¹,
871 441 1167 488 bacbalarius
1200 442 1246 486 in
1283 455 1413 486 sacra
1445 439 1702 501 theologia,

306 520 513 565 decanus
547 519 955 580 RotliomagensiS‚
988 535 1095 563 cum
1126 517 1408 580 quibusdam
1435 516 1593 580 patriae
1621 515 1710 561 ad-

304 597 480 643 vocatis
508 615 517 640 :
545 597 629 641 viri
655 595 846 658 quidem
867 595 993 640 docti
1015 605 1060 640 et
1079 595 1348 640 litteraturae
1370 593 1701 656 competentis,

304 674 385 720 sed
410 674 572 720 talium
598 690 773 728 rerum,
802 689 916 735 quas
941 671 1205 718 tractandas
1231 670 1562 735 suscipiebant,
1593 668 1707 715 nibil

303 760 382 796 ant
402 750 542 796 nimis
565 765 733 813 parum
757 749 955 813 experti3
983 749 1210 794 habentes
1235 748 1426 811 quidem
1452 747 1601 792 zelum
1628 746 1708 791 bo-

303 844 417 872 num
444 843 496 872 ac
526 827 804 886 ferventem,
836 826 917 871 sed
945 843 1042 871 non
1072 826 1333 871 secundum
1362 826 1629 882 scientiam,
1660 833 1710 868 ut

303 903 550 967 Apostolus
584 903 642 948 de
675 903 960 966 quibusdam
993 903 1086 948 suis
1122 902 1466 948 contribulibus
1499 902 1709 964 loquitur

301 981 347 1025 in
380 979 584 1043 Epistola
608 979 667 1025 ad
697 982 950 1024 Romanos.
979 978 1120 1035 Quod
1149 996 1173 1023 e
1198 979 1391 1039 vestigio
1417 995 1574 1024 rerum
1597 995 1708 1041 pro-

305 1073 487 1118 gressus
511 1055 781 1102 declaravit.
811 1059 1010 1101 Tantum
1042 1056 1167 1100 enim
1195 1055 1280 1100 sibi
1312 1055 1426 1100 falso
1449 1055 1507 1100 (le
1531 1054 1708 1101 officia-

303 1132 442 1190 lium,
484 1132 566 1195 qui
601 1133 658 1177 ad
697 1133 820 1194 regia
856 1132 1097 1193 vectigalia
1131 1131 1327 1177 levanda
1365 1141 1411 1176 et
1447 1131 1709 1194 colligenda

303 1208 518 1272 deputari
540 1217 900 1266 consueverant,
929 1207 1318 1252 concussionibus
1342 1217 1385 1252 et
1408 1208 1580 1270 rapinis
1604 1225 1706 1271 per·

303 1295 559 1343 suaserant7
583 1284 730 1347 quod,
756 1284 1072 1329 diminutione
1097 1284 1214 1330 facta
1235 1284 1295 1329 ad
1320 1284 1614 1330 medietatem
1637 1284 1709 1330 vel

306 1360 505 1425 amplius
533 1359 822 1422 gabellarum
846 1359 952 1405 salis
983 1370 1027 1404 et
1063 1360 1216 1422 quarti
1249 1359 1425 1405 denarii
1462 1361 1710 1423 potionum

304 1454 406 1501 quae
431 1437 490 1482 ad
515 1436 756 1482 tabernam
783 1435 1072 1495 venduntur,
1104 1453 1361 1493 summam,
1391 1453 1493 1499 quae
1519 1437 1627 1483 inde
1651 1436 1707 1481 ad

306 1531 462 1576 regem
477 1523 783 1559 consueverat
800 1514 1061 1576 pervenire,
1086 1513 1257 1558 confici
1275 1524 1318 1559 et
1338 1514 1559 1559 resultare
1575 1531 1710 1578 posse

306 1599 562 1654 sperarent.
591 1590 812 1635 Similiter
831 1590 972 1635 etiam
996 1590 1054 1635 de
1080 1590 1284 1636 collectis
1309 1607 1389 1635 seu
1417 1590 1572 1649 talliis,
1598 1591 1710 1635 rele-

309 1668 463 1713 vando
487 1666 747 1729 quamlibet
767 1667 1041 1729 parochiam
1062 1667 1120 1712 de
1144 1669 1275 1714 tertia
1300 1667 1371 1713 vel
1395 1678 1558 1730 quarta
1579 1677 1709 1730 parte

307 1759 501 1789 summae
535 1742 633 1804 ejus
669 1758 810 1804 quam
857 1759 983 1789 anno
1025 1743 1304 1807 praecedenti
1351 1743 1705 1806 dependissent,

309 1820 613 1866 confidebant
642 1836 778 1882 posse
803 1837 1057 1877 summam,
1087 1838 1229 1884 quain
1255 1822 1350 1883 regi
1373 1821 1708 1884 proilliseraut,

309 1897 545 1960 complere
565 1907 703 1959 atque
726 1896 948 1959 perlicere
972 1917 979 1942 :
1004 1897 1066 1942 illi
1089 1898 1235 1944 innixi
1254 1898 1559 1943 fundamento
1581 1897 1711 1959 quod

310 1975 649 2020 advocatorum
699 1973 770 2019 vel
818 1974 1048 2037 imperitia
1103 1975 1172 2020 vel
1218 1975 1354 2021 dolus
1394 1974 1704 2030 confinxerat,

312 2052 580 2115 eisdemque
596 2067 870 2115 persuasum
891 2052 1059 2097 fecerat
1075 2052 1220 2113 quod,
1241 2062 1463 2116 quantam
1480 2052 1537 2097 de
1556 2051 1634 2113 huj
1644 2069 1712 2096 ns-

312 2129 496 2173 cemodi
522 2129 703 2173 tributis
727 2137 867 2190 atque
888 2128 1187 2190 vectigalibus
1211 2129 1413 2175 facerent
1437 2128 1711 2173 diminutio-

315 2221 444 2260 nem,
477 2204 770 2250 tantumdem
802 2207 1054 2266 quotannis
1096 2206 1164 2251 vel
1202 2206 1400 2270 amplius
1436 2206 1633 2268 praedari
1667 2217 1711 2252 et

311 2295 477 2342 capere
501 2280 720 2326 officiales
742 2280 1025 2327 tributorum
1050 2283 1185 2327 variis
1211 2293 1253 2327 et
1277 2282 1513 2345 exquisitis
1536 2280 1709 2327 maelii-

313 2358 542 2402 namentis
567 2370 885 2403 consuessent.

379 2436 432 2478 Et
461 2433 671 2496 profecto
701 2434 887 2479 infitiari
929 2452 1022 2479 non
1057 2446 1205 2498 potest
1243 2438 1354 2499 quin
1401 2454 1482 2499 per
1519 2437 1713 2482 eosdem

313 2509 534 2555 officiales
571 2508 744 2565 inulta,
783 2512 1175 2558 concussionibus
1212 2524 1256 2558 et
1296 2515 1432 2559 variis
1474 2514 1715 2560 fraudibus

313 2596 451 2650 atque
472 2587 611 2644 dolis,
639 2602 664 2631 a
686 2586 1054 2648 provincialibus
1081 2589 1195 2634 ultra
1221 2591 1530 2635 constitutum
1554 2601 1707 2636 extor—

365 2710 399 2742 1.
434 2706 582 2743 Nicolas
603 2705 652 2741 du
677 2708 793 2750 Bosc,
815 2704 941 2754 doyen
962 2705 1010 2741 ‹ln
1034 2707 1209 2757 Cliapitre
1238 2710 1283 2745 de
1312 2714 1440 2746 Rnuen
1456 2741 1464 2751 ,
1494 2719 1600 2746 autre
1629 2721 1714 2759 per-

311 2778 477 2814 sonnage
499 2765 571 2800 fort
594 2763 767 2814 employe
791 2777 886 2814 pour
906 2763 940 2799 la
962 2764 1239 2803 reliabilitation
1265 2768 1311 2803 (le
1334 2769 1364 2803 la
1393 2767 1552 2803 rucene.
