1923 3020
273 215 294 249 2
302 216 321 247 6
639 214 972 253 HISTORIARUM
1003 217 1235 252 LUDOVICI
1264 218 1318 252 XI

272 311 360 360 set,
397 301 620 363 regnique
656 301 972 363 gubernacula
1015 302 1288 348 moderatus
1324 303 1516 362 fuisset,
1552 305 1675 352 illico

272 393 511 423 suasorem
535 377 788 436 refellebat,
815 395 863 423 se
881 388 926 423 et
950 394 1107 439 regem
1134 395 1234 423 esse
1255 379 1440 438 dicens,
1476 390 1544 439 et,
1576 398 1678 443 quae

272 454 495 509 liberent,
526 454 711 500 efficere
741 471 878 517 posse
903 472 912 498 :
944 471 1041 499 non
1076 455 1279 500 multum
1305 455 1363 502 ab
1391 456 1468 502 illa
1490 458 1677 519 tragici¹

270 530 533 576 abhorrens
568 531 824 588 sententia,
859 550 880 573 «
909 530 1037 593 quod
1067 532 1170 577 Jovi
1199 531 1291 578 hoc
1322 534 1415 594 regi
1447 532 1616 596 [licet],
1651 553 1673 578 »

269 617 313 652 et
338 608 449 652 item
480 625 488 651 :
521 628 541 648 ι(
571 611 677 664 Quo
701 608 834 670 juvat
859 625 988 670 reges
1012 619 1135 654 eant.
1165 628 1186 652 »

333 683 517 739 Quibus
540 684 638 746 ejus
663 685 917 747 compertis
943 684 1172 744 moribus,
1200 686 1280 731 illo
1305 696 1405 732 astu
1422 687 1546 749 apud
1568 704 1674 733 eum

268 760 425 822 plures
451 760 584 805 abusi
609 770 734 819 sunt,
762 771 830 819 ut,
858 761 973 806 dum
1000 761 1176 824 aliquid
1201 762 1261 808 ab
1281 780 1338 808 eo
1363 765 1587 826 consequi
1605 780 1675 810 san

268 847 494 900 tagerent,
523 847 573 883 ut
599 848 764 901 optato
780 839 1063 901 potirentur,
1093 855 1115 883 a
1138 850 1268 902 patre
1283 857 1368 886 suo
1387 842 1676 887 contrarium

267 913 366 959 fleri
396 915 585 960 solitum
625 931 723 960 esse
756 914 1070 969 affirmarent3
1108 916 1186 960 sed
1213 933 1322 961 cum
1353 917 1413 961 ita
1449 918 1675 964 exstitisse

266 1001 479 1055 putaret,
511 992 804 1037 contrarium
838 992 960 1037 illico
987 992 1135 1037 facere
1166 991 1482 1052 decernebat3
1511 1003 1556 1039 et
1582 995 1670 1049 sic,

267 1085 375 1112 eum
402 1068 481 1113 tali
505 1070 687 1114 cautela
712 1069 810 1113 voti
842 1084 894 1113 ac
921 1067 1138 1113 desiderii
1174 1078 1438 1131 compotes,
1477 1069 1674 1116 abcede—

266 1144 398 1189 bant.
418 1145 534 1189 Miro
550 1145 677 1189 enim
691 1144 836 1189 modo
856 1144 1076 1204 genitoris
1088 1143 1210 1189 facta
1223 1160 1416 1207 carpere
1438 1154 1481 1190 et
1499 1146 1673 1191 eisdem

266 1238 314 1266 se
337 1230 503 1266 contra
529 1222 596 1265 ire
620 1220 738 1265 velle
766 1220 1046 1265 ostendebat
1074 1240 1082 1265 :
1112 1230 1227 1283 puto
1253 1221 1389 1283 quia,
1416 1222 1528 1267 dum
1549 1224 1674 1269 vive-

266 1307 350 1356 ret,
379 1297 523 1360 ipsius
547 1298 828 1343 correctioni
854 1307 899 1342 et
923 1296 1492 1343 emendationiincubuit.
1521 1302 1674 1355 Quam

265 1390 373 1418 cum
410 1374 628 1432 minime,
668 1384 863 1437 propter
898 1375 997 1436 ejus
1032 1373 1407 1420 inobedientiam
1440 1375 1673 1439 simulque

264 1450 394 1513 quod
426 1467 450 1496 a
482 1451 874 1513 Burgundionum
899 1451 1150 1497 fovebatur
1170 1451 1290 1496 duce
1314 1451 1393 1513 (ad
1425 1468 1565 1514 quern
1590 1470 1672 1516 pa-

264 1539 442 1576 ternam
465 1530 707 1576 declinans
725 1531 1070 1576 correctionem
1088 1530 1398 1591 confugerat),
1419 1540 1574 1593 posset
1587 1548 1672 1594 pro

264 1617 376 1652 voto
401 1608 747 1653 correctionem
774 1607 949 1653 scilicet
982 1617 1123 1670 atque
1156 1606 1539 1652 emendationem
1569 1624 1672 1671 per-

263 1683 426 1741 ficere,
456 1684 515 1730 de
547 1686 690 1748 ipsius
720 1684 1099 1730 exliaeredatione
1134 1684 1372 1745 cogitavit.
1413 1686 1591 1741 Quam,
1624 1695 1674 1730 ut

261 1760 383 1806 fama
406 1761 516 1818 fuit,
546 1762 838 1824 perfecisset,
866 1762 955 1806 nisi
980 1761 1328 1823 quorumdam,
1359 1762 1440 1823 qui
1469 1761 1601 1822 juxta
1624 1778 1671 1806 se

260 1837 473 1896 aderant,
500 1838 749 1884 consilium
780 1838 1050 1883 obstitisset.
1080 1840 1130 1882 Et
1156 1846 1405 1901 propterea
1432 1847 1554 1899 gesta
1579 1837 1669 1882 de-

261 1925 481 1978 cretaque
511 1908 699 1961 abolere
737 1917 783 1961 in
821 1916 1101 1977 irritumque
1125 1914 1361 1960 deducere
1384 1930 1470 1976 pro
1495 1913 1671 1959 viribus

262 1991 521 2053 satagebat,
552 1993 773 2055 cupiens,
816 1991 1021 2055 paternis
1057 1990 1291 2035 officiariis
1329 2000 1469 2053 atque
1498 1989 1670 2034 militiae

263 2068 460 2114 ducibus
485 2070 654 2115 amotis
679 2069 872 2131 aliisque
898 2068 1125 2126 suffectis,
1160 2083 1360 2129 regnum
1382 2082 1559 2111 novum
1584 2082 1670 2110 cu—

264 2144 376 2189 dere
401 2155 444 2190 et
469 2147 688 2192 formare.

329 2223 560 2267 Comitem
599 2223 729 2268 illum
762 2226 1058 2278 Dunensem,
1095 2221 1249 2266 virum
1282 2219 1590 2265 clarissimum
1626 2227 1665 2262 et

263 2299 341 2361 qui
368 2298 590 2343 adversus
615 2300 830 2361 Anglicos
846 2315 899 2344 ac
923 2297 1283 2360 Burgundiones
1299 2296 1426 2358 regni
1449 2295 1669 2340 defensor

265 2375 611 2420 strenuissimus
643 2385 782 2435 atque
819 2376 956 2420 etiam
995 2384 1298 2437 recuperator
1320 2382 1363 2417 et
1389 2373 1670 2417 instaurator

265 2452 440 2507 fuerat,
468 2449 556 2495 sub
586 2449 783 2496 obtentu
823 2451 1011 2512 regendi
1038 2460 1177 2512 atque
1207 2449 1366 2494 tuendi
1390 2450 1665 2494 comitatum

265 2533 503 2574 Astensem
530 2527 575 2571 in
602 2526 1017 2582 Pede-Montiqu
1049 2543 1191 2587 regno
1217 2526 1408 2589 expulit,
1437 2536 1481 2570 et
1502 2525 1580 2570 illo
1603 2525 1667 2570 in-

321 2650 357 2683 1.
391 2647 563 2695 Seneque
583 2646 617 2683 le
638 2645 823 2696 tragique.

319 2709 356 2745 2.
389 2710 440 2743 Le
461 2706 583 2742 comte
603 2705 730 2750 d'Ast,
753 2717 799 2741 en
825 2705 1015 2749 Picmont,
1042 2707 1118 2742 seul
1147 2718 1324 2743 morceau
1343 2704 1389 2741 de
1411 2717 1478 2741 son
1498 2703 1664 2752 beritage
