1923 3020
678 283 821 317 LIBER
861 283 1125 319 SECUNDUS.
1527 284 1594 318 211

205 385 231 415 a
251 386 347 431 quo
365 370 509 426 enim,
528 385 586 414 ne
609 369 656 414 id
678 386 826 432 poenae
849 370 1123 433 suppliciive
1143 368 1318 415 subiret
1339 369 1604 415 incommo-

205 445 336 501 dum,
360 461 446 490 nec
467 445 602 505 regiS,
626 462 729 507 quae
747 455 842 491 tam
865 446 1109 508 singularis
1128 456 1286 492 ettam
1304 444 1397 491 fida
1414 445 1470 490 ad
1491 462 1599 491 eum

206 521 376 578 suerat,
405 522 604 566 amicitia
630 523 816 580 tutavit,
845 539 932 567 nec
958 522 1180 586 Apollinis
1206 522 1350 569 insula
1374 523 1502 568 texit.

272 600 325 641 Et
352 613 408 641 ne
438 597 563 641 solus
588 607 631 642 et
653 599 750 643 sine
774 599 951 660 collega
976 599 1083 644 talia
1105 599 1199 644 otia
1223 600 1322 644 sine
1354 599 1604 644 comitatus

205 672 370 718 solatio
403 674 733 735 pertransiret,
763 673 949 719 additus
974 684 1042 719 est
1066 675 1151 719 sibi
1177 675 1332 720 socius
1356 676 1606 737 episcopus

211 748 552 808 Virdunensis¹,
587 767 728 812 quem
758 766 833 795 rex
866 746 963 813 ipse
1001 750 1244 812 paululum
1285 761 1394 796 ante
1431 767 1457 797 a
1493 767 1606 796 con-

204 825 349 869 sortio
377 827 586 885 germani
609 827 702 883 sui,
732 827 912 888 magnis
943 826 1214 871 muneribus
1240 836 1378 889 atque
1403 828 1606 890 promis-

205 901 416 946 sionibus
458 902 685 961 illcctum,
725 903 784 949 ad
823 919 870 948 se
911 911 1174 948 attraxerat.
1219 904 1440 964 Ejusdem
1479 905 1607 950 enim

206 979 414 1041 germani
433 980 551 1041 regis
571 980 758 1025 servitio
779 996 827 1025 se
847 979 1140 1025 voluntarius
1157 978 1414 1038 addixerat,
1438 990 1608 1027 etcum

206 1071 263 1100 eo
294 1072 477 1119 semper
504 1057 651 1101 suerat
677 1056 734 1101 ab
757 1073 814 1102 eo
839 1066 1074 1119 tempore,
1104 1072 1201 1118 quo
1233 1073 1379 1119 prope
1409 1059 1609 1104 Parisios

206 1132 429 1178 ducatum
466 1135 765 1179 Normanniae
809 1132 1146 1196 possidendum
1195 1143 1449 1196 receperat.
1489 1137 1610 1180 Cum

206 1226 317 1255 vero
343 1210 541 1273 cupidus
567 1221 610 1256 et
635 1211 910 1257 ambitiosus
937 1209 1196 1255 admodum
1227 1210 1365 1266 foret,
1397 1223 1441 1257 et
1471 1212 1611 1257 mori·-

207 1285 292 1331 bus
327 1304 380 1332 ac
411 1288 505 1332 vita
535 1288 642 1332 satis
674 1287 793 1332 male
826 1287 1050 1344 famatus,
1090 1297 1316 1349 tanquam
1348 1287 1491 1332 hamo
1523 1288 1610 1333 sub

206 1379 309 1408 esca
332 1363 540 1421 obtecto,
568 1380 650 1426 spe
675 1379 948 1425 magnarum
974 1363 1276 1426 pensionum,
1304 1365 1608 1410 commenda-

207 1458 312 1485 rum
342 1458 394 1486 ac
423 1442 755 1497 cardinalatus,
793 1458 874 1504 per
905 1457 1062 1502 regem
1100 1451 1145 1486 et
1187 1442 1331 1504 ipsius
1371 1442 1609 1489 favoribus

207 1519 609 1581 assequendorum
626 1555 636 1574 ,
663 1519 907 1582 pellectus,
933 1518 1181 1563 dominum
1212 1534 1350 1563 suum
1376 1519 1609 1580 optimum

209 1595 439 1659 prodidit,
467 1606 511 1641 et
537 1596 595 1641 ad
623 1612 778 1657 regem
803 1595 1011 1641 accessit.
1041 1597 1193 1651 Quem
1216 1596 1394 1654 statim,
1422 1596 1609 1658 qualem

208 1672 306 1734 ipsc
334 1682 567 1717 meruerat
593 1671 789 1726 habere,
819 1671 1030 1717 offendit.
1062 1671 1129 1716 Ab
1159 1687 1217 1716 eo
1247 1672 1372 1716 enim
1404 1672 1488 1717 fuit
1513 1673 1610 1736 ipse

207 1747 254 1792 in
277 1764 461 1793 carcere
486 1748 691 1793 reclusus
715 1765 821 1793 cum
846 1748 972 1793 dicto
997 1747 1140 1792 Bczlzoe
1160 1748 1240 1792 :in
1263 1765 1358 1810 quo
1377 1749 1473 1810 jam
1495 1766 1610 1811 qua·

210 1824 478 1870 dricnnium
504 1842 612 1870 cum
641 1825 797 1870 medio
824 1825 966 1870 sei-me
994 1841 1144 1882 anno,
1175 1825 1376 1886 peregit,
1406 1824 1610 1871 incertus

208 1901 244 1946 si
271 1917 478 1962 unquam
503 1901 612 1946 inde
638 1902 772 1946 fuerit
796 1901 1018 1946 exiturus.

273 1978 483 2022 Tentavit
506 1987 662 2022 autem
687 1993 765 2021 rex
786 1987 829 2022 et
855 1977 997 2022 alium
1024 1975 1277 2039 quemdam
1298 1975 1527 2021 'l'homam
1553 1977 1612 2022 de

209 2054 432 2111 Lol-alle&
465 2054 614 2099 civem
647 2054 1013 2107 Cadomensem,
1050 2052 1255 2115 probum
1288 2054 1441 2097 virum
1472 2062 1612 2116 atque

210 2128 395 2175 fidelem
421 2140 466 2176 ct
486 2139 798 2188 constantem,
828 2132 907 2192 qui
934 2130 1186 2192 plurimum
1214 2130 1401 2191 ingenio
1426 2139 1471 2174 et
1495 2147 1609 2193 pru-

208 2206 385 2266 dentia,
417 2218 461 2253 ut
488 2208 633 2253 homo
656 2208 816 2265 laicus,
844 2207 1058 2264 callebat,
1086 2207 1144 2252 al)
1164 2207 1375 2269 ejusdem
1402 2210 1612 2270 germani

209 2285 280 2329 sui
311 2286 497 2329 serxitio
525 2285 795 2330 abstrahere
822 2295 865 2330 et
893 2284 951 2330 ad
978 2301 1026 2330 se
1053 2283 1235 2329 trahere
1263 2301 1272 2330 z
1301 2285 1432 2347 quod
1458 2294 1613 2331 tamen

212 2362 404 2407 minime
422 2362 603 2407 efficere
623 2362 792 2424 potuit.
815 2362 951 2424 Atqui
969 2378 1075 2406 cum
1100 2377 1187 2424 pro
1212 2371 1323 2406 voto
1345 2361 1437 2408 hoc
1460 2363 1614 2425 ipsum

211 2437 360 2483 facere
386 2440 690 2501 nequivisset,
715 2456 810 2484 non
834 2439 982 2484 multo
1003 2448 1111 2502 post
1131 2439 1256 2484 idem
1274 2440 1479 2486 Thomas
1506 2457 1615 2486 cum

211 2513 399 2560 duobus
423 2526 501 2561 aut
527 2515 674 2561 tribus
701 2516 759 2562 de
783 2516 929 2562 domo
952 2525 997 2562 et
1022 2515 1194 2562 familia
1217 2533 1300 2563 sua
1327 2533 1513 2562 veneno
1537 2533 1616 2562 ex—

269 2699 301 2733 1.
338 2697 554 2734 Guillaume
575 2697 621 2734 de
642 2700 893 2733 I‘laraucourt.

267 2759 301 2791 2.
334 2757 494 2792 Thomas
515 2756 561 2792 de
583 2756 762 2792 l'Oraille.
790 2756 819 2792 Il
841 2756 941 2792 avait
959 2756 1018 2792 ete
1039 2756 1142 2792 baini
1163 2756 1209 2793 de
1230 2759 1342 2794 Caen.
