1923 3020
717 244 859 280 LIBER
892 243 1087 279 PRIMUS.
1569 243 1616 277 25

222 342 264 377 et
300 331 513 377 nondum
547 331 778 377 obductas
807 330 1040 376 cicatrices
1071 328 1238 374 talibus
1264 330 1430 375 iterum
1454 329 1618 374 vulne-

222 408 348 453 ribus
370 408 683 454 sauciabatur.
712 407 800 452 Sed
826 423 911 451 nec
941 422 993 451 ea
1018 405 1209 468 quidem
1236 422 1398 450 recens
1430 406 1619 451 inventa

222 500 526 529 nummorum
553 484 824 546 aucupatio,
864 483 1151 545 prsecipuum
1176 482 1347 527 vulnus
1373 493 1469 527 erat
1489 483 1618 546 quod

221 578 363 623 regno
403 571 542 623 atque
580 561 826 623 regnicolis
864 560 1122 605 afferretur.
1174 562 1281 603 Erat
1325 560 1450 604 enim
1494 560 1620 605 aliud

222 639 358 698 longe
382 637 705 699 perniciosius,
737 636 883 698 quod,
911 636 1196 697 frequentius
1221 637 1388 680 amotis
1413 635 1620 681 honestis

220 724 359 775 atque
385 713 570 758 idoneis
590 714 821 776 personis,
858 729 958 774 qua·
980 722 1174 774 perante
1199 712 1243 756 in
1282 711 1446 757 officiis
1484 713 1620 757 mini-

220 790 564 846 strassent,·vel
592 806 715 851 quae,
747 788 1050 834 suffarcinatae
1079 803 1194 832 auro
1224 798 1364 849 atque
1401 798 1618 849 argento,

220 866 384 911 loculis
409 876 548 928 atque
574 867 819 929 marsupiis
839 864 1039 928 repletiS,
1065 864 1252 909 aculeos
1279 865 1434 909 minus
1458 867 1624 927 pungi-

222 943 341 988 tivos
376 942 717 1004 mordacesque
747 941 1006 1005 praedarum
1031 940 1128 1000 jam
1160 939 1411 996 haberent,
1445 941 1501 986 ad
1534 941 1622 987 hu-

216 1019 481 1081 juscemodi
507 1018 932 1064 adn'linistrationes
953 1027 1090 1079 atque
1117 1015 1273 1061 officia
1293 1017 1624 1078 indignissima>

221 1111 274 1140 ac
319 1095 548 1140 vilissimae
587 1094 862 1157 plerumque
898 1093 1256 1138 assumebantur
1292 1109 1502 1155 personae
1524 1131 1534 1149 ,
1580 1104 1625 1139 et

221 1188 323 1232 quae
340 1180 433 1216 tam
454 1170 687 1216 famelicas
711 1170 1011 1231 sitientesque
1034 1168 1296 1231 praedarum
1315 1185 1414 1213 sese
1432 1168 1623 1214 exhibe-

222 1257 352 1304 rent,
382 1257 432 1292 ut
457 1264 551 1292 non
589 1247 712 1293 aliud
745 1247 814 1307 agi
842 1263 982 1309 quam
1018 1262 1249 1308 pauperes
1272 1245 1531 1307 regnicolas
1553 1247 1623 1291 lu-

222 1340 393 1385 porum
423 1333 502 1368 aut
535 1325 888 1369 saevissimaruni
918 1323 1119 1368 ferarum
1151 1323 1392 1368 voracitati
1429 1324 1620 1386 exponi,

223 1402 373 1463 putari
399 1402 640 1463 potuisset.

290 1476 556 1521 Delectabat
578 1492 734 1538 regem
754 1476 853 1520 illos
877 1474 1042 1519 ordine
1059 1474 1416 1537 honoribusque
1436 1491 1626 1520 movere

223 1569 275 1597 ac
305 1553 584 1609 destituere,
621 1553 700 1614 qui
737 1552 844 1614 ipsis
882 1551 968 1596 sub
1006 1561 1136 1614 patre
1170 1567 1255 1596 suo
1293 1551 1414 1596 bene
1450 1551 1626 1596 eisdem

225 1629 371 1674 functi
399 1629 604 1683 fuissent,
635 1629 769 1691 cique
794 1628 887 1674 cari
903 1629 1198 1673 exstitissent.
1224 1628 1361 1673 Unde
1383 1629 1535 1674 statim
1560 1628 1627 1672 vi-

224 1722 328 1749 rum
354 1705 668 1749 venerabilem
695 1704 943 1748 dominum
967 1703 1272 1748 Guillelmum
1294 1704 1546 1762 Juvenalis,
1569 1703 1627 1748 de

228 1782 409 1826 Parisiis
436 1781 721 1837 oriundum,
749 1781 826 1842 qui
854 1780 941 1825 sub
970 1790 1099 1843 patre
1127 1797 1212 1825 suo
1239 1781 1368 1841 regni
1392 1779 1627 1825 cancella-

226 1858 340 1903 riam
383 1857 722 1902 honorabiliter
759 1858 892 1902 annis
936 1857 1080 1902 ferme
1116 1858 1277 1918 viginti
1314 1856 1386 1901 vel
1426 1857 1629 1918 amplius

226 1943 420 1992 rexerat,
449 1943 493 1978 et
518 1933 726 1978 similiter
759 1935 962 1996 primum
999 1934 1136 1978 curiae
1163 1933 1440 1978 Parlamenti
1475 1933 1627 1995 praesi-

224 2011 440 2068 dentem,
488 2011 708 2066 mutavit,
751 2010 849 2055 aliis
887 2010 932 2054 in
974 2026 1139 2055 eorum
1174 2010 1330 2054 locum
1373 2009 1576 2055 suffectis
1597 2014 1622 2054 ¹.

225 2091 458 2149 Cumque,
485 2087 571 2132 sibi
599 2086 861 2143 suadendo,
884 2086 1121 2131 interdum
1150 2103 1175 2130 a
1199 2086 1438 2131 nonnullis
1459 2087 1503 2130 in
1530 2103 1627 2132 me-

226 2165 422 2209 moriani
451 2173 748 2209 revocaretur
773 2163 972 2224 qualiter
996 2172 1130 2226 pater
1154 2179 1264 2207 suus
1293 2163 1356 2207 sic
1373 2161 1445 2207 vel
1469 2162 1551 2220 sic,
1582 2163 1627 2207 in

225 2242 361 2285 variis
387 2241 586 2302 negotiis
612 2250 653 2284 et
679 2240 858 2295 catISlS,
886 2240 1104 2284 consulto
1134 2249 1177 2284 et
1203 2239 1374 2284 utiliter
1399 2256 1445 2285 se
1469 2241 1629 2301 gessis-

225 2369 322 2413 lent,
346 2382 411 2405 sur
433 2369 544 2419 peine
574 2367 620 2404 de
648 2366 784 2416 perdrc
814 2367 916 2402 leurs
944 2366 1092 2413 oflice53
1120 2374 1154 2403 et
1180 2365 1259 2403 s’ilz
1286 2367 1320 2404 le
1346 2368 1469 2404 celent
1489 2375 1525 2405 et
1545 2367 1569 2403 il
1591 2381 1630 2404 se

226 2427 350 2477 puisse
368 2427 516 2475 stjavoir
532 2439 600 2476 par
618 2434 758 2470 autres,
778 2425 887 2462 ceulx
907 2438 971 2474 qui
991 2423 1025 2460 le
1045 2425 1261 2462 reveleront
1282 2434 1417 2462 auront
1435 2426 1487 2463 lcs
1504 2426 1629 2462 offices

225 2486 270 2522 de
288 2499 383 2522 ceux
404 2486 495 2534 qu'il
513 2493 649 2521 auront
667 2484 807 2520 revelc.
832 2501 846 2515 n
865 2486 1013 2519 Recueil
1031 2485 1221 2533 Legrand,
1240 2492 1265 2520 t.
1287 2487 1358 2530 IX,
1380 2497 1452 2521 aux
1472 2498 1560 2521 mss.
1583 2483 1629 2519 de

225 2544 259 2581 la
280 2545 375 2581 Bibl.
399 2546 491 2595 imp.

283 2607 313 2641 1.
350 2602 760 2640 GuillanmeJouvenel
777 2602 840 2639 des
858 2604 1007 2648 Ursins,
1029 2603 1257 2651 cham-elier,
1282 2605 1333 2641 fut
1354 2603 1543 2653 remphmc
1564 2616 1631 2652 par

226 2664 352 2699 Pin-rrc
377 2663 422 2699 de
453 2663 701 2709 morvilliers,
733 2671 767 2698 et
793 2665 892 2699 Yves
913 2663 959 2700 de
980 2664 1198 2713 Scepeaux,
1227 2664 1392 2714 premier
1416 2661 1603 2713 president
1619 2691 1628 2708 ‚

204 2761 206 2763 ,
227 2736 293 2772 par
312 2722 393 2759 Elie
413 2722 460 2759 de
478 2725 686 2760 Tourettes.
