1923 3020
684 226 825 261 LIBER
854 225 1119 263 SECUNDUS.
1535 230 1609 265 207

208 326 353 368 num,
379 310 576 375 Philippi
600 312 822 374 genitoris
853 323 897 358 et
920 312 1101 366 Caroli,
1125 312 1206 358 filii
1231 315 1324 374 sui,
1360 313 1608 362 clementia

208 395 348 448 atque
377 386 643 434 humanitas
667 389 950 452 perpulchra
971 390 1152 435 enituit.
1181 391 1297 448 Qui,
1331 390 1438 437 licet
1465 408 1493 438 a
1521 408 1607 455 po-

207 464 320 526 pulo
345 464 475 510 urbis
499 466 619 511 illius
639 476 683 511 ct
702 477 867 513 caetera
884 467 1065 530 plebeia
1088 484 1141 513 ex
1166 468 1286 529 agris
1307 468 1608 516 multitudine

207 543 487 603 gravissimis
507 543 698 589 fuissent
722 554 768 590 et
793 545 1091 591 contumeliis
1114 545 1335 603 lacessiti,
1361 556 1406 593 et
1426 548 1609 610 injuriis

204 629 345 682 atque
369 620 552 666 damnis
575 622 728 668 affecti
752 622 1087 686 multipliciter,
1126 625 1420 670 severitatem
1449 635 1605 673 tamen

205 692 451 739 clementia
476 704 806 757 temperantes,
835 712 943 741 cum
965 697 1360 758 promissionibus
1380 709 1423 745 et
1445 700 1607 747 litteris

205 769 411 831 primum
427 807 438 827 ,
471 770 643 817 deinde
668 771 911 818 obsidibus
934 773 1138 835 acceptis
1154 809 1164 829 ,
1200 775 1339 819 tertio
1370 776 1605 822 moenibus

203 845 394 908 dejectis
431 847 689 911 ablatisque
723 850 888 907 armiS,
927 848 1109 893 furiosis
1152 849 1238 894 illis
1273 860 1318 895 et
1356 851 1606 915 foedifragis

200 922 378 984 (tribus
399 923 527 970 factis
548 923 924 987 expeditionibus
948 924 1197 969 adversum
1221 926 1332 987 eos)
1351 963 1362 984 ,
1393 937 1461 974 tot
1484 929 1605 991 inju-

202 998 291 1044 rias
325 999 391 1044 eis
415 1001 654 1063 parcendo
690 1001 1042 1057 condonarant,
1078 1009 1149 1059 et,
1189 1001 1225 1045 si
1259 1003 1487 1049 sustinere
1518 1021 1604 1068 po-

203 1077 396 1122 tuissent
416 1093 496 1122 eos
516 1077 563 1121 in
580 1093 663 1122 sua
683 1077 960 1139 integritate,
984 1077 1254 1140 pecuniaria
1271 1083 1605 1128 tantummodo

201 1154 461 1216 quantitate
492 1153 740 1200 mulctatos
763 1154 958 1217 pacifice
981 1153 1298 1200 dimittebant.
1335 1159 1490 1212 Quam
1515 1160 1604 1205 uti-

199 1247 290 1293 que
314 1232 584 1295 pecuniam,
612 1233 648 1276 si
675 1231 790 1293 quid
814 1231 1124 1294 providentiae
1147 1230 1439 1293 habuissent,
1466 1246 1602 1298 pote-

199 1318 304 1354 rant
332 1309 378 1353 in
409 1309 700 1372 paucissimis
724 1309 858 1354 annis
890 1307 1157 1367 exsolvere,
1190 1318 1236 1353 et
1267 1312 1597 1372 postmodum,

199 1384 333 1430 liberi
359 1394 403 1431 et
423 1385 568 1447 quieti
588 1395 845 1444 manenteS,
867 1386 994 1449 pacis
1012 1394 1153 1447 atque
1172 1384 1399 1432 libertatis
1412 1387 1602 1436 lenitate

198 1462 416 1524 gaudere.
461 1462 552 1508 Sed
587 1473 718 1508 tanto
755 1463 968 1526 profecto
999 1462 1130 1508 bono
1162 1465 1256 1509 suis
1280 1464 1520 1513 demeritis
1554 1485 1602 1514 se

196 1540 508 1586 reddiderunt
532 1540 778 1601 indignos3
815 1541 895 1603 qui
915 1576 925 1597 ,
954 1541 1085 1585 omni
1110 1541 1278 1586 timore
1298 1542 1383 1587 Dei
1406 1544 1598 1605 rejecto,

196 1618 260 1663 ita
283 1618 526 1675 finitimos,
543 1633 569 1662 a
588 1617 757 1678 quibus
779 1617 1045 1663 nullatenus
1068 1618 1472 1680 inquietabantur,
1494 1622 1602 1683 igne

196 1704 241 1740 et
276 1695 397 1739 ferro
429 1694 684 1757 populare,
713 1703 756 1739 et
782 1694 999 1739 omnium
1022 1694 1299 1756 injuriarum
1323 1713 1494 1758 genere
1519 1715 1601 1745 eos

196 1771 381 1817 afficere
403 1772 611 1834 primum
637 1771 838 1833 aggressi
859 1780 991 1830 sunt3
1022 1781 1066 1816 et
1091 1788 1179 1817 nec
1202 1773 1374 1818 totiens
1397 1775 1463 1820 eis
1486 1792 1601 1838 par—

194 1850 287 1894 cito
304 1859 444 1911 atque
462 1848 666 1906 indulto,
690 1865 777 1893 nec
799 1849 949 1911 poenis
968 1848 1161 1894 civiliter
1177 1849 1353 1895 eisdem
1370 1852 1601 1913 gradatim

194 1936 238 1972 et
263 1943 320 1972 ex
345 1926 510 1971 ordine
535 1927 719 1971 inflictis
749 1936 793 1971 et
822 1925 1077 1989 impositis,
1112 1943 1137 1972 a
1162 1944 1246 1974 sua
1270 1931 1478 1991 nequitia
1502 1932 1598 1978 ullo

193 2014 331 2067 pacto
363 2002 574 2047 cohiberi
609 2012 862 2064 potuerant
898 2021 907 2048 :
952 2004 1119 2048 merito
1159 2004 1298 2049 etiam
1330 2007 1542 2068 profecto
1571 2025 1599 2055 a

194 2079 353 2125 divina
378 2078 523 2140 gratia
553 2087 596 2122 et
630 2079 925 2141 protectione
957 2078 1150 2137 deserti,
1182 2080 1287 2142 qui,
1316 2083 1597 2142 gravissimis

193 2158 401 2202 censuris
435 2155 495 2201 al>
530 2155 788 2219 apostolica
824 2155 942 2201 Sede
977 2157 1210 2218 percussi,
1250 2168 1295 2203 et
1330 2160 1478 2221 patria
1513 2178 1597 2209 sua

192 2233 336 2296 longo
359 2233 603 2296 supposita
627 2231 899 2287 interdicto,
930 2248 1017 2277 nec
1037 2232 1131 2293 juri
1155 2250 1320 2296 parere
1341 2236 1590 2298 curabant,

193 2327 280 2355 nec
306 2325 527 2356 censuras
549 2319 716 2364 tantas,
747 2309 889 2354 veluti
910 2325 1007 2353 non
1031 2308 1294 2369 christiani,
1321 2312 1403 2357 sed
1426 2318 1596 2377 pagani

192 2396 237 2431 et
261 2387 455 2448 gentiles
480 2402 671 2449 prorsus
698 2385 871 2441 forent,
902 2385 1131 2430 ullatenus
1158 2386 1491 2436 formidabant.

254 2463 362 2509 Tale
381 2463 538 2525 itaque
556 2478 750 2507 suorum
770 2462 1046 2507 meritorum
1066 2472 1111 2507 et
1128 2479 1328 2526 operum
1345 2469 1592 2529 praemium

192 2540 358 2585 merito
395 2548 678 2601 exceperunt
702 2548 747 2583 et
775 2538 1076 2597 invenerunt,
1107 2549 1158 2584 ut
1184 2556 1351 2586 eorum
1380 2559 1519 2606 poena
1547 2555 1592 2590 et

191 2617 473 2681 supplicium
500 2616 678 2661 cunctis
701 2615 887 2678 populis
913 2614 970 2676 (si
994 2631 1161 2661 sanum
1188 2616 1364 2681 aliquid
1385 2622 1588 2684 sapiant)

190 2694 326 2741 cedat
345 2694 392 2739 in
417 2692 684 2755 exemplum
706 2709 715 2736 :
740 2708 797 2737 ne
814 2691 1043 2753 justitiam
1065 2710 1159 2755 qua
1182 2711 1276 2740 una
1301 2705 1347 2740 et
1371 2697 1471 2744 sola
1493 2714 1590 2744 coe-
