1923 3020
301 266 348 299 68
657 264 995 299 HISTORIARUM
1026 263 1258 298 LtJDOVICI
1286 263 1340 297 XI

299 369 389 414 que
420 366 587 412 magna
614 349 862 395 satellitum
888 359 1071 394 caterva
1097 350 1316 411 stipatus,
1348 360 1696 405 convenerunt,

297 438 342 473 et
362 427 470 480 illic,
492 428 665 490 pariter
685 426 877 472 remotis
899 425 1101 482 arbitris,
1125 425 1354 488 plurimos
1373 426 1574 471 invicem
1597 426 1702 471 mis-

297 520 434 550 cuere
459 520 716 549 sermones.
747 502 928 559 Quibus
954 502 1118 559 finitis,
1149 502 1290 547 veluti
1317 518 1406 564 pax
1431 512 1475 547 et
1500 502 1702 548 amicitia

296 581 417 627 bene
452 583 692 642 integratae
727 590 866 643 atque
898 581 1163 625 instauratae
1199 588 1377 637 essent,
1419 589 1613 642 uterque
1652 580 1698 624 in

299 658 488 721 propria
512 674 560 703 se
583 657 775 720 recepit.

361 737 415 780 Et
449 735 514 780 sic
548 733 608 779 ab
641 734 843 779 invicem
877 733 1212 789 discesserunt3
1246 742 1291 778 et
1327 731 1518 794 quidem
1553 732 1702 777 foedus

295 811 542 873 antiquum
582 811 911 856 continuatum
950 809 1021 855 vel
1059 818 1367 854 restauratum
1409 808 1559 853 vei-bis
1602 825 1699 854 esse

296 888 416 933 iuter
446 905 526 934 eos
557 888 734 951 potuit3
769 887 850 933 sed
881 887 1115 945 amicitizr,
1150 887 1291 931 semel
1320 886 1483 931 dirutae
1514 886 1585 931 vel
1618 886 1699 932 soe-

295 965 431 1025 datae,
453 966 634 1011 sincera
653 963 912 1010 eoncordia
928 963 1114 1008 difficile
1133 979 1341 1026 unquam
1363 973 1520 1025 postea
1540 980 1702 1008 recon-

297 1042 442 1087 ciliari
473 1051 685 1105 possunt.
718 1041 877 1100 Unde,
909 1057 1018 1086 cum
1043 1040 1230 1085 fratrem
1256 1038 1450 1084 haberet
1473 1056 1520 1084 se
1540 1040 1700 1101 junio-

297 1134 396 1163 rem
431 1118 529 1180 ipse
567 1133 647 1162 rex
685 1116 933 1175 Castellae¹,
969 1132 1113 1178 quem
1149 1130 1242 1160 una
1278 1114 1416 1159 factio
1451 1131 1699 1178 procerum

298 1195 428 1256 regni
453 1193 673 1238 libentius
696 1193 744 1238 in
774 1209 931 1255 regem
957 1192 1271 1249 sublimasset,
1301 1202 1367 1249 et,
1402 1209 1484 1255 per
1510 1192 1624 1249 hoc,
1654 1194 1700 1237 in

299 1281 514 1334 apertum
540 1270 1065 1332 manifestissimumque
1086 1268 1331 1314 dissidium
1357 1268 1579 1314 adversus
1604 1268 1702 1314 fra—

300 1357 416 1392 trem
442 1363 576 1392 suum
606 1362 763 1408 regem
791 1345 1023 1392 adductus
1056 1355 1202 1400 esset,
1230 1345 1341 1390 huic
1369 1345 1579 1391 fraternae
1607 1345 1701 1390 dis-

301 1424 505 1469 sensioni
540 1423 608 1468 vel
642 1422 918 1483 exordium,
958 1422 1028 1468 vel
1068 1422 1128 1468 ad
1162 1423 1410 1467 minimum
1444 1422 1702 1468 fomentum

302 1500 602 1562 favoremque
629 1517 767 1546 suum
787 1500 1067 1558 Ludovicus,
1097 1516 1175 1545 rex
1193 1503 1498 1559 Francorum,
1526 1501 1696 1562 praesti-

302 1578 406 1623 tisse
432 1576 682 1623 serebatur.

772 1769 1053 1814 CAptTULU
1062 1771 1106 1813 M
1140 1771 1238 1814 XX.

302 1898 493 1940 Quomodo
522 1910 637 1931 coines
661 1897 704 1930 de
734 1898 901 1931 Charolois
926 1911 1040 1944 regem
1065 1899 1217 1932 Turonis
1238 1899 1410 1932 visitatum
1432 1900 1543 1943 venit,
1567 1900 1619 1932 cui
1646 1913 1704 1933 rex

354 1952 555 1985 vicariatum
574 1950 730 1996 regendae
753 1959 784 1984 et
807 1950 1087 1984 administrandae
1105 1952 1329 1984 Norinanniae
1350 1951 1462 1993 (ledit,
1495 1952 1557 1984 sibi
1583 1966 1705 1998 magna

354 2005 516 2049 pensione
531 2005 736 2046 constituta3
756 2017 832 2049 quae
852 2005 972 2037 onmia
988 2005 1019 2037 ei
1036 2005 1148 2037 statim
1170 2004 1311 2038 ademit.

373 2126 488 2167 Cum
506 2133 661 2168 autem
680 2140 735 2168 ex
753 2123 1045 2168 vasconiam
1067 2124 1307 2168 Franciani
1334 2139 1543 2168 reversus
1571 2126 1708 2170 esset²

310 2209 355 2244 et
373 2202 572 2245 Turonis
592 2211 671 2245 aut
695 2201 739 2245 in
761 2200 925 2245 vicinis
947 2199 1142 2245 castellis
1160 2210 1331 2262 ageret,
1353 2199 1411 2245 ad
1433 2216 1541 2245 eum
1563 2201 1708 2246 visen-

311 2277 425 2322 dum
458 2277 889 2341 lionorandumque
921 2278 1137 2336 Carolus,
1175 2278 1296 2323 filius
1328 2278 1492 2323 unicus
1523 2277 1710 2325 illustris

313 2352 530 2415 Philippi,
554 2354 940 2414 Burgundionum
958 2354 1107 2412 ducis,
1127 2355 1331 2400 accessit.
1349 2354 1435 2399 Cui
1452 2355 1566 2416 (sive
1582 2371 1704 2414 vere,

313 2434 407 2478 sive
441 2433 653 2478 simulate
682 2433 774 2478 hoc
800 2444 976 2495 ageret,
1012 2435 1242 2480 incertum
1278 2445 1388 2480 tunc
1425 2434 1710 2495 habebatur)

315 2570 350 2605 la
378 2567 615 2617 negociation
649 2566 742 2603 dans
774 2566 808 2603 le
845 2569 1043 2604 cornuum-³
1082 2569 1128 2605 de
1161 2569 1317 2620 Lenglet
1348 2569 1581 2618 Dufresnoy,
1611 2577 1636 2604 t.
1658 2570 1708 2615 II,

314 2643 352 2679 p.
382 2630 455 2664 376
476 2636 512 2663 et
532 2626 630 2664 suiv,

370 2692 407 2727 1.
439 2691 522 2723 Don
543 2686 747 2736 Alplionse.

369 2748 406 2782 2.
440 2750 498 2782 Au
520 2745 612 2781 inois
628 2743 673 2780 de
690 2742 812 2788 juillet
830 2745 944 2778 1463.
