1923 3020
767 253 910 288 LIBER
945 253 1160 288 TERTIUS.
1592 254 1666 287 259,

266 355 325 384 rae
343 339 559 396 fuissent,
583 339 769 403 pondus
789 338 1038 385 amborum
1060 355 1330 400 regnorum,
1358 340 1559 386 Franciae
1585 342 1670 385 sci-

264 415 369 461 licet
394 425 439 460 et
465 416 660 478 Angliae,
696 415 972 476 Burgundiae
996 415 1089 461 dux
1115 416 1340 462 sustinere
1363 433 1459 462 non
1486 417 1665 479 potuis-

264 503 354 550 set3
383 502 427 538 et
457 504 705 556 propterea
737 511 834 539 non
868 495 1024 539 minus
1060 494 1147 539 sibi
1173 511 1313 556 quam
1340 494 1585 550 Edoardo,
1617 504 1667 539 ut

265 570 311 613 in
348 585 545 629 regnum
579 570 747 630 Angliae
783 570 1117 626 restitueretur,
1155 570 1266 615 utile
1302 571 1564 633 reputabat.
1599 573 1666 615 De

266 653 466 706 utroque
497 644 637 706 igitur
666 645 1074 708 providentissime
1097 647 1339 708 cogitavit,
1370 656 1415 691 et
1449 646 1506 691 dc
1536 646 1666 691 colli-

264 718 418 780 gendo
464 721 743 777 exercitum,
790 737 884 783 quo
923 737 970 765 se
1011 721 1232 766 adversus
1277 722 1506 784 impetum
1547 722 1666 783 regis

264 798 818 853 Francorumtutaretur,
851 807 895 842 et
926 796 984 841 de
1015 797 1208 842 ferendo
1232 799 1400 844 auxilia
1426 799 1661 857 Eduardo,

262 871 432 933 quibus
455 873 657 934 adjtltUS‚
681 873 739 918 ad
763 872 1133 935 aggrediendum
1154 873 1312 919 denuo
1334 891 1547 936 regnum,
1568 892 1664 938 quo

262 948 447 1010 penitus
481 960 645 995 exutus
681 960 820 1012 atque
852 948 1075 1011 depulsus
1110 950 1286 1007 suerat,
1324 953 1440 997 vires
1476 968 1666 998 ausum-

262 1040 353 1085 que
378 1027 624 1089 acciperet.
967 1012 974 1021 ⁵

328 1106 382 1149 Et
415 1105 611 1150 collecto
644 1104 835 1167 quidem
871 1103 917 1148 in
952 1113 1082 1166 parte
1118 1106 1353 1163 exercitu,
1389 1117 1536 1152 castra
1569 1109 1666 1171 ipse

262 1181 651 1242 Burgundionum
685 1181 779 1226 dux
812 1190 940 1226 extra
976 1180 1288 1240 Atrebatum¹‚
1328 1183 1374 1227 in
1406 1186 1543 1229 vastis
1578 1184 1665 1229 illis

261 1258 618 1320 campestribus,
640 1273 737 1302 non
762 1266 941 1301 remote
966 1256 1024 1302 ah
1046 1256 1162 1303 urbe
1186 1267 1385 1304 metatus
1410 1269 1493 1317 est,
1522 1260 1666 1322 figens

261 1333 325 1378 ibi
357 1344 496 1396 atque
523 1334 779 1380 extendens
803 1333 1064 1396 papiliones
1097 1344 1142 1379 et
1166 1335 1368 1380 tentoria
1392 1352 1501 1393 sua,
1526 1346 1578 1382 ut
1607 1338 1665 1382 ad

260 1411 566 1456 constitutum
590 1410 715 1456 diem
739 1410 945 1472 reliquos
968 1410 1279 1473 opperiretur,
1309 1428 1428 1473 quos
1457 1429 1564 1460 cuni
1592 1430 1666 1460 ar-

259 1486 348 1531 mis
372 1496 418 1532 et
442 1487 573 1549 equis
592 1487 652 1532 ad
673 1486 955 1549 obsequium
975 1503 1114 1532 suum
1145 1487 1307 1533 adesse
1340 1489 1659 1536 mandaverat.

259 1564 350 1619 Qui
386 1581 494 1610 cum
529 1566 731 1610 venisset
769 1564 895 1622 dies,
942 1565 1309 1629 expeditumque
1355 1577 1397 1612 et
1446 1578 1664 1631 paratum

259 1641 516 1705 collegisset
551 1644 809 1689 maximum
845 1643 1130 1702 exercitum,
1173 1645 1314 1689 motis
1364 1646 1554 1703 castris⁷
1605 1649 1664 1693 ad

262 1719 629 1781 expugnandum
673 1729 878 1765 castrum
916 1718 974 1764 de
1011 1721 1264 1782 Piqcoegni,
1305 1737 1446 1783 supra
1487 1722 1662 1768 flumen

259 1794 545 1855 Summonae,
561 1796 768 1841 accessit.
791 1795 1058 1841 pertinebat
1083 1797 1209 1841 enim
1232 1797 1534 1843 vicedomino
1561 1802 1663 1843 Am-

259 1868 512 1928 bianensi2,
542 1871 622 1933 qui
645 1871 692 1916 in
717 1871 887 1916 eodem
911 1880 1063 1916 castro
1085 1870 1287 1916 militum
1305 1872 1540 1931 regiorum
1565 1889 1664 1919 mu-

259 1948 487 1993 nitionem
522 1949 788 1994 advocarat.
823 1952 998 1994 Dantes
1034 1949 1172 2010 igitur
1209 1949 1267 1993 ad
1297 1949 1422 1994 istud
1459 1961 1662 1996 castrum

259 2024 480 2069 insultum
511 2024 906 2087 Burgundiones³³‚
947 2024 1063 2069 illud
1097 2025 1275 2086 magnis
1314 2025 1520 2082 viribus,
1557 2027 1664 2073 licet

259 2102 338 2163 qui
362 2102 485 2147 intus
516 2111 648 2147 erant
680 2101 859 2147 sortiter
894 2101 1186 2156 resisterent,
1224 2113 1580 2165 expugnarunt,
1619 2115 1662 2151 et

259 2179 384 2223 caesis
407 2178 479 2223 vel
508 2179 751 2241 captivatis
778 2176 998 2223 omnibus
1027 2178 1106 2239 qui
1132 2179 1255 2223 intus
1285 2189 1433 2238 erant,
1456 2180 1663 2244 direptis-

259 2270 349 2316 que
371 2253 537 2311 bonis,
566 2254 681 2299 illud
706 2254 904 2298 flammis
928 2254 1176 2299 voracibus
1197 2255 1491 2301 tradiderunt
1519 2275 1527 2301 :
1559 2259 1659 2319 qui-

259 2329 345 2375 bus
365 2331 412 2375 in
438 2330 614 2376 favillas
639 2339 684 2374 et
705 2329 884 2374 cineres
906 2329 1151 2376 redactum
1176 2331 1276 2377 fuit,

314 2485 348 2519 1.
382 2486 440 2518 Au
469 2482 607 2533 village
637 2482 683 2519 de
706 2481 858 2531 Wailly.
890 2484 939 2519 Ce
965 2492 1202 2532 campement
1228 2485 1389 2534 precede
1418 2486 1470 2523 les
1500 2500 1660 2524 mouve-

260 2549 378 2577 ments
398 2549 535 2577 autour
555 2540 808 2587 d⁷Abbeville‚
833 2540 923 2577 dont
941 2541 1102 2577 l’auteur
1119 2555 1139 2578 a
1157 2543 1262 2592 parle
1283 2544 1368 2594 plus
1387 2545 1490 2582 haut.
1515 2548 1566 2582 Le
1589 2545 1660 2583 duc

259 2600 378 2649 quitta
396 2600 534 2649 Wailly
558 2600 591 2636 le
613 2602 660 2636 <13
683 2600 821 2637 fevrier
841 2602 957 2638 1471.

311 2661 348 2696 2.
382 2662 433 2696 Le
452 2659 603 2695 vidame
624 2658 832 2704 d'Amiens,
853 2662 945 2696 Jean
965 2659 1097 2709 d’Arly
1118 2660 1299 2710 (d’Ailly).

312 2722 348 2756 3.
381 2722 431 2757 Le
453 2721 501 2755 24
523 2718 663 2755 fcvrier
683 2721 798 2755 1471.
