1923 3020
291 277 366 311 402
654 271 987 310 HISTORIARUM
1017 269 1249 304 LUDOVICI
1277 269 1333 303 Xl

292 362 429 408 seoda
469 371 511 407 et
547 365 838 404 sacramenta
862 354 1062 400 hominii
1099 370 1179 399 seu
1218 353 1452 400 fidelitatis
1488 355 1693 402 adstricti

292 439 351 485 ad
372 439 464 482 hoe
488 450 586 480 esse
607 431 891 479 videbantur
913 467 922 489 ‚
950 430 1102 475 eidem
1125 445 1287 493 parere
1308 427 1564 486 curabant;
1590 429 1689 490 sed,

288 532 368 560 seu
400 510 607 569 nobiles,
640 526 724 554 seu
754 508 926 572 plebeii
960 508 1032 553 vel
1068 507 1356 571 oppidorum
1387 507 1532 563 cives,
1567 523 1695 552 mus-

289 591 517 647 sitabant,
546 598 615 646 et,
643 588 776 651 quasi
799 588 859 634 ad
881 604 963 633 eos
981 586 1096 632 nihil
1120 587 1338 632 attineret
1356 622 1367 644 7
1390 595 1630 650 torpentes
1650 595 1696 631 et

287 669 422 713 otiosi
446 667 670 730 principis
701 666 977 712 calamitatis
1010 673 1297 728 spectatores
1317 701 1328 719 ,
1355 664 1403 708 in
1434 663 1527 709 suis
1555 662 1693 725 oppi-

286 745 357 790 dis
379 754 425 790 et
450 743 674 790 domibus
699 742 1058 806 permanebant.

348 821 490 878 Quod
525 836 633 866 cum
667 821 766 883 ipse
796 820 890 865 dux
924 821 988 865 ita
1016 834 1112 864 esse
1148 811 1485 881 perspexisset,
1513 816 1694 877 magnis

285 898 411 944 velut
445 898 603 942 furore
638 907 779 958 atque
818 896 1140 958 indignatione
1165 910 1417 939 succensus
1434 931 1445 953 ⁷
1471 903 1515 938 et
1538 893 1693 938 verbis

284 983 329 1019 et
365 974 574 1037 epistolis
608 974 899 1035 gravissimas
934 973 1106 1019 accolis
1138 972 1345 1035 ipsarum
1378 988 1570 1018 suarum
1601 981 1694 1017 ter-

286 1066 442 1096 rarum
478 1066 644 1112 poenas
676 1050 847 1095 inferre
883 1049 1180 1107 minabatur;
1216 1049 1296 1094 sed
1335 1059 1379 1094 et
1414 1049 1692 1095 cancellario

285 1137 398 1178 sue,
439 1121 541 1166 viro
579 1121 741 1182 utique
782 1121 984 1166 discreto
1021 1130 1066 1164 et
1101 1120 1383 1180 eloquenti¹⁷
1423 1120 1693 1180 caeterisque

285 1196 565 1243 officialibus
609 1207 654 1242 et
702 1196 1096 1259 gubernatoribus
1149 1196 1362 1240 locorum
1425 1195 1692 1256 gravissime

285 1273 678 1332 subirascebatur,
710 1290 797 1319 nec
829 1274 1066 1318 mitiorem
1091 1287 1282 1334 poenam
1312 1270 1518 1330 eisdem,
1550 1287 1692 1332 quam

283 1366 480 1395 suorum
509 1350 714 1412 capitum
750 1349 1078 1406 amissionem⁷
1117 1348 1154 1393 si
1191 1346 1442 1392 incolumis
1482 1363 1537 1391 ex
1578 1349 1694 1391 Bur-

284 1426 459 1488 gundia
481 1426 796 1483 1·e1naneret‘²,
824 1422 1145 1487 promittebat.
1174 1421 1462 1485 Displicebat
1500 1421 1627 1466 enim
1653 1420 1695 1466 ei

286 1504 590 1549 veliementer
613 1502 742 1565 quod
761 1540 772 1558 7
802 1519 910 1547 cum
944 1502 1159 1547 viderent
1190 1501 1374 1546 nobiles
1404 1511 1450 1546 et
1474 1499 1695 1546 vassallos

284 1581 517 1626 mandatis
540 1581 633 1625 suis
661 1578 987 1624 inobedientes
1012 1578 1072 1624 ad
1095 1578 1335 1641 ipsiusque
1359 1577 1598 1622 servitium
1624 1593 1696 1622 ve-

287 1661 387 1703 nire
426 1658 754 1715 detrectantes,
800 1655 1098 1718 adjectasque
1128 1656 1174 1699 in
1207 1654 1440 1700 mandatis
1474 1654 1694 1717 capitales

287 1751 448 1797 poenas
484 1735 530 1779 in
564 1751 678 1791 eos,
716 1734 798 1796 qui
829 1732 1003 1778 eisdem
1045 1731 1278 1778 mandatis
1313 1749 1411 1777 non
1444 1741 1688 1795 parerent,

286 1812 524 1855 incurrere
539 1811 568 1869 ³,
612 1810 733 1873 ipsas
769 1810 814 1854 in
841 1818 1145 1854 contumaces
1170 1816 1215 1852 et
1243 1806 1572 1851 inobedientes
1595 1822 1693 1852 non

286 1885 468 1932 realiter
508 1894 904 1947 exsequerentur,
951 1893 1000 1928 et,
1045 1881 1286 1946 potissime
1334 1882 1382 1926 in
1431 1881 1690 1944 quosdam,

286 1961 397 2024 qui,
445 1960 804 2006 excusationum
837 1976 999 2005 causas
1035 1959 1311 2022 allegando,
1359 1960 1457 2006 aliis
1493 1960 1552 2007 ad
1593 1976 1691 2006 non

285 2037 549 2101 parendum
572 2037 805 2083 mandatis
841 2047 1057 2084 auctores
1084 2037 1158 2083 vel
1189 2054 1402 2084 suasores
1427 2055 1524 2084 esse
1561 2038 1688 2084 videa

289 2114 474 2159 bantur.

351 2191 441 2236 Sed
465 2192 696 2254 imperare
728 2190 922 2253 quidem
946 2201 991 2259 et
1014 2190 1238 2236 mandare
1263 2191 1394 2245 facile
1428 2202 1547 2252 erat3
1573 2192 1691 2239 velle

288 2278 443 2314 autem
462 2284 623 2330 poenas
643 2267 700 2312 de
719 2283 817 2312 non
839 2268 1168 2313 obedientibus
1188 2285 1438 2331 exposcere
1454 2306 1463 2326 ,
1481 2271 1692 2333 profecto

288 2344 487 2390 arduum
527 2353 568 2388 et
605 2345 780 2404 ingenti
817 2345 1027 2407 periculo
1054 2345 1247 2408 plenum
1282 2355 1394 2391 erat.
1433 2349 1535 2391 Non
1566 2349 1692 2393 enim

290 2421 400 2466 dicti
420 2419 722 2465 cancellarius
743 2431 786 2466 et
804 2422 1026 2468 officiales
1046 2423 1204 2486 copias
1222 2423 1421 2468 militum
1436 2424 1688 2482 habebant,

291 2514 393 2560 quae
428 2495 489 2542 ad
513 2505 608 2541 tani
632 2498 798 2543 seriam
824 2499 1085 2545 faciendam
1121 2501 1468 2546 exsecutionem
1499 2502 1691 2548 fuissent

343 2624 379 2658 1.
413 2619 629 2658 Guillaume
654 2622 849 2669 llugunet,
872 2622 1048 2671 seigneur
1067 2623 1114 2659 de
1134 2624 1293 2661 Saillans
1317 2634 1354 2662 et
1374 2618 1580 2676 d’Epoisse.

342 2682 364 2715 ⁶2
372 2711 380 2719 .
412 2680 536 2715 Plutot
553 2688 742 2717 remearet.

343 2742 379 2777 3.
411 2739 585 2787 Corrigez
606 2743 841 2774 incurrentes.
