1923 3020
296 244 367 278 114
666 240 1003 277 HISTORIARUM
1033 239 1268 275 LUDOVICI
1298 240 1351 275 XI

292 331 461 376 amissa
496 327 736 386 libertate,
774 327 920 390 patria
954 342 1177 388 oppressa
1215 336 1261 371 et
1296 327 1343 370 in
1384 327 1692 371 miserrimam

291 406 563 452 servitutem
596 403 810 461 redacta,
851 402 1027 448 diutius
1051 401 1138 447 sub
1166 402 1243 448 tali
1265 401 1532 448 infelicitate
1556 402 1694 447 vixis-

289 491 410 528 sent.

353 555 495 612 Quod
519 555 679 600 inultis
711 553 994 609 rationibus,
1025 553 1384 600 auctoritatibus
1406 563 1452 599 et
1473 553 1696 616 exemplis

289 633 418 678 facile
441 631 725 678 confirmare
749 648 1021 695 possemus,
1061 633 1099 677 si
1124 649 1221 678 non
1249 649 1330 695 per
1355 631 1448 677 hoc
1473 631 1647 676 diutius
1670 647 1696 677 a

285 719 510 772 susceptae
551 708 884 772 prosecutione
921 708 1152 755 historicae
1192 708 1472 754 narrationis
1508 707 1694 769 longius

286 802 606 849 evagaremur.

773 1019 1108 1063 CAPITULUM
1144 1019 1222 1063 IV.

282 1153 474 1198 Quomodo
487 1166 506 1186 a
523 1151 688 1186 Bastardo
704 1151 799 1185 dicto
818 1151 987 1184 Borbonii
1007 1158 1038 1183 et
1054 1149 1142 1183 duce
1157 1149 1325 1182 Borbonii
1345 1150 1425 1183 urbs
1444 1150 1596 1184 Biturica
1613 1163 1692 1184 cum

331 1207 509 1241 nonnullis
526 1205 672 1239 castellis
688 1212 856 1249 occupata
879 1203 965 1245 fuit;
989 1214 1064 1247 quae
1085 1203 1219 1235 castella
1241 1215 1301 1236 rex
1323 1204 1553 1249 recuperavit,
1580 1213 1611 1237 et
1628 1203 1695 1236 ad-

334 1273 466 1293 versum
487 1258 649 1292 comitem
665 1256 708 1289 de
729 1256 898 1289 Clcarolois
915 1255 1078 1288 accurrit.

355 1377 423 1423 Ad
455 1392 556 1422 eam
583 1375 723 1437 igitur
746 1373 1026 1438 redeuntes,
1069 1388 1179 1417 cum
1208 1372 1445 1436 principes
1481 1373 1656 1436 praesati
1681 1410 1692 1432 ,

291 1456 490 1518 quisque
522 1455 567 1497 in
606 1468 690 1497 sua
726 1462 847 1497 terra
881 1444 1122 1512 colligeret
1158 1466 1278 1512 quos
1309 1449 1482 1495 habere
1513 1460 1698 1513 poterat

294 1535 418 1578 viros
443 1529 680 1588 militares,
706 1529 886 1591 primus
911 1527 1128 1572 omnium
1153 1527 1249 1571 dux
1284 1526 1509 1573 Borbonii
1549 1543 1698 1590 prope

294 1619 437 1653 terras
469 1622 575 1651 suas
612 1621 695 1668 per
730 1603 1016 1666 quemdam,
1051 1603 1129 1664 qui
1167 1603 1419 1649 Bastardus
1451 1603 1698 1648 Borbonii²

293 1685 434 1745 vulgo
469 1681 739 1739 dicebatur,
780 1680 1016 1725 civitatem
1050 1680 1387 1725 Bituricensem
1424 1696 1534 1725 cum
1571 1681 1700 1726 arce²

295 1760 506 1823 ejusdem
531 1775 614 1822 per
637 1757 829 1802 insidias
851 1757 1059 1820 accepit,
1082 1757 1278 1802 nomine
1307 1756 1491 1802 domini
1517 1757 1695 1815 Caroli,

297 1838 445 1883 fratris
467 1836 602 1898 regis,
626 1835 703 1880 cui
723 1850 748 1879 a
767 1844 898 1897 patre
922 1833 1080 1879 adhuc
1105 1835 1289 1879 vivente
1312 1834 1511 1880 ducatus
1535 1834 1700 1878 Bituri-

296 1915 446 1961 censis
465 1915 512 1959 in
535 1914 723 1958 titulum
741 1912 891 1957 suerat
909 1911 1064 1957 datus.

365 1992 552 2055 Accepit
576 2000 731 2036 autem
755 2000 799 2035 et
822 1989 949 2034 idem
972 1989 1066 2033 dux
1090 1990 1321 2034 nonnulla
1345 1989 1432 2034 alia
1459 1988 1634 2051 oppida
1654 1998 1699 2034 et

300 2069 508 2126 castella,
539 2078 634 2113 tam
661 2068 709 2113 in
734 2067 1006 2111 Bituricensi
1042 2066 1277 2111 territorio
1307 2081 1449 2128 quam
1472 2066 1519 2110 in
1546 2065 1699 2110 Alver-

301 2148 430 2203 11ia³,
466 2163 597 2208 (μναῖ,
636 2155 732 2190 tam
761 2154 940 2189 terrore
972 2160 1214 2188 armorum
1245 2158 1387 2205 quam
1422 2141 1553 2204 quod
1590 2158 1701 2204 gra-

299 2223 433 2268 vibus
472 2222 696 2266 oneribus
723 2219 1019 2282 vectigalium
1053 2235 1078 2265 a
1113 2235 1221 2281 rege
1257 2228 1605 2282 premerentur,
1642 2218 1701 2264 ab

300 2303 400 2364 ipso
438 2302 546 2344 satis
575 2300 706 2344 facile
744 2315 797 2343 ac
832 2299 1031 2343 libenter
1066 2297 1354 2343 defecerunt.
1394 2300 1526 2352 Quos
1560 2297 1702 2341 etiam

299 2378 518 2424 denarios
542 2375 600 2420 dc
625 2375 822 2438 publicis
842 2373 1171 2436 vectigalibuS,
1205 2374 1265 2420 ab
1288 2390 1454 2419 eorum
1489 2381 1702 2436 recepto-

353 2536 389 2570 1.
421 2531 535 2569 Louis
554 2529 600 2565 de
619 2528 815 2572 Bourbon,
836 2528 932 2563 l'rcre
952 2528 1099 2565 naturel
1126 2528 1176 2564 du
1197 2527 1271 2564 duc
1291 2528 1338 2564 de
1359 2527 1553 2565 Bourbon.

355 2597 392 2629 2.
425 2595 476 2628 Le
495 2589 674 2634 chalcan,
696 2586 812 2635 qu'on
830 2586 994 2635 appelait
1013 2590 1048 2621 la
1069 2591 1198 2623 Crasse
1224 2589 1319 2623 Tour
1342 2587 1388 2623 dc
1408 2590 1592 2638 Bourges.

351 2657 388 2691 3.
419 2651 591 2696 Cliarost,
605 2645 888 2692 Saint-Amand,
901 2646 1120 2692 monn-oud,
1140 2646 1371 2696 Montlucon‚
1386 2648 1549 2694 Gannat,
1562 2646 1700 2697 Aigue..

301 2725 423 2764 perse,
447 2707 719 2760 Montpensier,
742 2713 813 2741 etc.
