<?xml version="1.0" encoding="UTF-8"?>
<!DOCTYPE html PUBLIC "-//W3C//DTD XHTML 1.0 Transitional//EN"
    "http://www.w3.org/TR/xhtml1/DTD/xhtml1-transitional.dtd">
<html xmlns="http://www.w3.org/1999/xhtml" xml:lang="en" lang="en">
 <head>
  <title>
</title>
<meta http-equiv="Content-Type" content="text/html;charset=utf-8" />
  <meta name='ocr-system' content='tesseract 3.04.00' />
  <meta name='ocr-capabilities' content='ocr_page ocr_carea ocr_par ocr_line ocrx_word'/>
</head>
<body>
  <div class='ocr_page' id='page_1' title='image "./histoiredesrgn02basi_0381.png"; bbox 0 0 1923 3020; ppageno 0'>
   <div class='ocr_carea' id='block_1_1' title="bbox 783 224 1686 272">
    <p class='ocr_par' dir='ltr' id='par_1_1' title="bbox 783 224 1686 272">
     <span class='ocr_line' id='line_1_1' title="bbox 783 224 1686 272; baseline -0.006 -10"><span class='ocrx_word' id='word_1_1' title='bbox 783 228 924 262; x_wconf 86' lang='lat' dir='ltr'>LIBER</span> <span class='ocrx_word' id='word_1_2' title='bbox 959 226 1199 272; x_wconf 87' lang='lat' dir='ltr'><strong>QUARTUS.</strong></span> <span class='ocrx_word' id='word_1_3' title='bbox 1622 224 1686 258; x_wconf 60' lang='lat'>1501</span> 
     </span>
    </p>
   </div>
   <div class='ocr_carea' id='block_1_2' title="bbox 286 312 1702 2206">
    <p class='ocr_par' dir='ltr' id='par_1_2' title="bbox 291 312 1699 606">
     <span class='ocr_line' id='line_1_2' title="bbox 291 312 1695 371; baseline -0.001 -13"><span class='ocrx_word' id='word_1_4' title='bbox 291 324 609 371; x_wconf 77' lang='lat' dir='ltr'>aestunaretur,</span> <span class='ocrx_word' id='word_1_5' title='bbox 639 316 698 361; x_wconf 93' lang='lat' dir='ltr'>ad</span> <span class='ocrx_word' id='word_1_6' title='bbox 726 315 955 360; x_wconf 87' lang='lat' dir='ltr'>tuendum</span> <span class='ocrx_word' id='word_1_7' title='bbox 987 324 1141 360; x_wconf 92' lang='lat' dir='ltr'>tamen</span> <span class='ocrx_word' id='word_1_8' title='bbox 1178 312 1292 358; x_wconf 84' lang='lat' dir='ltr'>fines</span> <span class='ocrx_word' id='word_1_9' title='bbox 1316 329 1425 358; x_wconf 89' lang='lat' dir='ltr'>suos</span> <span class='ocrx_word' id='word_1_10' title='bbox 1447 312 1557 357; x_wconf 88' lang='lat' dir='ltr'>satis</span> <span class='ocrx_word' id='word_1_11' title='bbox 1579 322 1695 357; x_wconf 89' lang='lat' dir='ltr'>stre-</span> 
     </span>
     <span class='ocr_line' id='line_1_3' title="bbox 294 381 1696 453; baseline -0.002 -18"><span class='ocrx_word' id='word_1_12' title='bbox 294 408 384 437; x_wconf 83' lang='lat' dir='ltr'>nue</span> <span class='ocrx_word' id='word_1_13' title='bbox 408 408 454 437; x_wconf 90' lang='lat' dir='ltr'>se</span> <span class='ocrx_word' id='word_1_14' title='bbox 478 402 692 453; x_wconf 80' lang='lat' dir='ltr'><strong>gesserat,</strong></span> <span class='ocrx_word' id='word_1_15' title='bbox 732 391 969 437; x_wconf 85' lang='lat' dir='ltr'>nonnullis</span> <span class='ocrx_word' id='word_1_16' title='bbox 992 391 1300 436; x_wconf 87' lang='lat' dir='ltr'>nihilominus</span> <span class='ocrx_word' id='word_1_17' title='bbox 1320 388 1553 435; x_wconf 82' lang='lat' dir='ltr'>foederatis</span> <span class='ocrx_word' id='word_1_18' title='bbox 1585 381 1696 451; x_wconf 70' lang='lat' dir='ltr'>ipsis</span> 
     </span>
     <span class='ocr_line' id='line_1_4' title="bbox 296 465 1699 529; baseline -0.001 -18"><span class='ocrx_word' id='word_1_19' title='bbox 296 467 681 529; x_wconf 81' lang='lat' dir='ltr'>Burgundionum</span> <span class='ocrx_word' id='word_1_20' title='bbox 711 477 755 513; x_wconf 91' lang='lat' dir='ltr'>et</span> <span class='ocrx_word' id='word_1_21' title='bbox 789 468 1033 512; x_wconf 64' lang='lat' dir='ltr'>Britanniae</span> <span class='ocrx_word' id='word_1_22' title='bbox 1066 466 1266 512; x_wconf 85' lang='lat' dir='ltr'>ducibus</span> <span class='ocrx_word' id='word_1_23' title='bbox 1298 465 1573 511; x_wconf 79' lang='lat' dir='ltr'>calamitatis</span> <span class='ocrx_word' id='word_1_24' title='bbox 1604 479 1699 509; x_wconf 87' lang='lat' dir='ltr'>ma-</span> 
     </span>
     <span class='ocr_line' id='line_1_5' title="bbox 295 544 1015 606; baseline -0.001 -17"><span class='ocrx_word' id='word_1_25' title='bbox 295 561 394 606; x_wconf 85' lang='lat' dir='ltr'>gnae</span> <span class='ocrx_word' id='word_1_26' title='bbox 418 545 718 589; x_wconf 89' lang='lat' dir='ltr'>occasionem</span> <span class='ocrx_word' id='word_1_27' title='bbox 743 544 1015 589; x_wconf 85' lang='lat' dir='ltr'>attulerunt.</span> 
     </span>
    </p>

    <p class='ocr_par' dir='ltr' id='par_1_3' title="bbox 286 618 1702 2112">
     <span class='ocr_line' id='line_1_6' title="bbox 358 618 1698 682; baseline -0.001 -18"><span class='ocrx_word' id='word_1_28' title='bbox 358 623 521 664; x_wconf 82' lang='lat' dir='ltr'>Fuerat</span> <span class='ocrx_word' id='word_1_29' title='bbox 543 636 701 664; x_wconf 85' lang='lat' dir='ltr'>comes</span> <span class='ocrx_word' id='word_1_30' title='bbox 729 620 976 664; x_wconf 84' lang='lat' dir='ltr'>Arminiaci</span> <span class='ocrx_word' id='word_1_31' title='bbox 995 656 1005 675; x_wconf 81' lang='lat'>‚</span> <span class='ocrx_word' id='word_1_32' title='bbox 1030 629 1134 682; x_wconf 83' lang='lat' dir='ltr'>post</span> <span class='ocrx_word' id='word_1_33' title='bbox 1166 619 1348 663; x_wconf 90' lang='lat' dir='ltr'>obitum</span> <span class='ocrx_word' id='word_1_34' title='bbox 1377 618 1520 663; x_wconf 86' lang='lat' dir='ltr'>felicis</span> <span class='ocrx_word' id='word_1_35' title='bbox 1544 634 1698 663; x_wconf 88' lang='lat' dir='ltr'>recor—</span> 
     </span>
     <span class='ocr_line' id='line_1_7' title="bbox 291 692 1698 755; baseline -0.001 -17"><span class='ocrx_word' id='word_1_36' title='bbox 291 693 494 738; x_wconf 88' lang='lat' dir='ltr'>dationis</span> <span class='ocrx_word' id='word_1_37' title='bbox 532 693 665 738; x_wconf 91' lang='lat' dir='ltr'>ducis</span> <span class='ocrx_word' id='word_1_38' title='bbox 700 693 982 754; x_wconf 64' lang='lat' dir='ltr'>Aquitaniae,</span> <span class='ocrx_word' id='word_1_39' title='bbox 1011 694 1180 737; x_wconf 85' lang='lat' dir='ltr'>iterum</span> <span class='ocrx_word' id='word_1_40' title='bbox 1213 709 1295 755; x_wconf 84' lang='lat' dir='ltr'>per</span> <span class='ocrx_word' id='word_1_41' title='bbox 1328 709 1483 753; x_wconf 81' lang='lat' dir='ltr'>regem</span> <span class='ocrx_word' id='word_1_42' title='bbox 1522 692 1698 753; x_wconf 88' lang='lat' dir='ltr'>majore</span> 
     </span>
     <span class='ocr_line' id='line_1_8' title="bbox 292 765 1693 829; baseline -0.001 -18"><span class='ocrx_word' id='word_1_43' title='bbox 292 783 345 811; x_wconf 75' lang='lat' dir='ltr'>ex</span> <span class='ocrx_word' id='word_1_44' title='bbox 370 776 499 829; x_wconf 85' lang='lat' dir='ltr'>parte</span> <span class='ocrx_word' id='word_1_45' title='bbox 520 767 652 811; x_wconf 87' lang='lat' dir='ltr'>terris</span> <span class='ocrx_word' id='word_1_46' title='bbox 672 775 811 827; x_wconf 86' lang='lat' dir='ltr'>atque</span> <span class='ocrx_word' id='word_1_47' title='bbox 832 765 1054 810; x_wconf 88' lang='lat' dir='ltr'>dominiis</span> <span class='ocrx_word' id='word_1_48' title='bbox 1079 767 1171 810; x_wconf 87' lang='lat' dir='ltr'>suis</span> <span class='ocrx_word' id='word_1_49' title='bbox 1196 765 1421 827; x_wconf 77' lang='lat' dir='ltr'>spoliatus</span> <span class='ocrx_word' id='word_1_50' title='bbox 1444 776 1486 811; x_wconf 89' lang='lat' dir='ltr'>et</span> <span class='ocrx_word' id='word_1_51' title='bbox 1510 766 1693 828; x_wconf 64' lang='lat' dir='ltr'>pulsus-3</span> 
     </span>
     <span class='ocr_line' id='line_1_9' title="bbox 291 841 1698 905; baseline 0 -18"><span class='ocrx_word' id='word_1_52' title='bbox 291 842 349 887; x_wconf 89' lang='lat' dir='ltr'>ad</span> <span class='ocrx_word' id='word_1_53' title='bbox 380 843 512 904; x_wconf 90' lang='lat' dir='ltr'>cujus</span> <span class='ocrx_word' id='word_1_54' title='bbox 545 853 713 898; x_wconf 85' lang='lat' dir='ltr'>terras,</span> <span class='ocrx_word' id='word_1_55' title='bbox 741 858 848 887; x_wconf 89' lang='lat' dir='ltr'>cum</span> <span class='ocrx_word' id='word_1_56' title='bbox 879 841 1095 887; x_wconf 71' lang='lat' dir='ltr'>facultate</span> <span class='ocrx_word' id='word_1_57' title='bbox 1121 842 1388 904; x_wconf 83' lang='lat' dir='ltr'>paciscendi</span> <span class='ocrx_word' id='word_1_58' title='bbox 1421 852 1463 887; x_wconf 94' lang='lat' dir='ltr'>et</span> <span class='ocrx_word' id='word_1_59' title='bbox 1500 859 1698 905; x_wconf 85' lang='lat' dir='ltr'>compo-</span> 
     </span>
     <span class='ocr_line' id='line_1_10' title="bbox 291 918 1698 981; baseline 0.001 -19"><span class='ocrx_word' id='word_1_60' title='bbox 291 918 436 963; x_wconf 91' lang='lat' dir='ltr'>nendi</span> <span class='ocrx_word' id='word_1_61' title='bbox 470 935 580 964; x_wconf 89' lang='lat' dir='ltr'>cum</span> <span class='ocrx_word' id='word_1_62' title='bbox 610 935 666 963; x_wconf 89' lang='lat' dir='ltr'>eo</span> <span class='ocrx_word' id='word_1_63' title='bbox 696 918 851 981; x_wconf 83' lang='lat' dir='ltr'>(quod</span> <span class='ocrx_word' id='word_1_64' title='bbox 875 919 973 980; x_wconf 91' lang='lat' dir='ltr'>ipse</span> <span class='ocrx_word' id='word_1_65' title='bbox 1016 934 1202 979; x_wconf 81' lang='lat' dir='ltr'>rogasse</span> <span class='ocrx_word' id='word_1_66' title='bbox 1228 926 1273 962; x_wconf 89' lang='lat' dir='ltr'>et</span> <span class='ocrx_word' id='word_1_67' title='bbox 1303 919 1545 980; x_wconf 73' lang='lat' dir='ltr'>expetiisse</span> <span class='ocrx_word' id='word_1_68' title='bbox 1571 918 1698 963; x_wconf 92' lang='lat' dir='ltr'>dice-</span> 
     </span>
     <span class='ocr_line' id='line_1_11' title="bbox 291 994 1698 1057; baseline -0.001 -17"><span class='ocrx_word' id='word_1_69' title='bbox 291 994 479 1057; x_wconf 80' lang='lat' dir='ltr'>batur),</span> <span class='ocrx_word' id='word_1_70' title='bbox 511 1012 590 1040; x_wconf 80' lang='lat' dir='ltr'>rex</span> <span class='ocrx_word' id='word_1_71' title='bbox 615 996 803 1041; x_wconf 79' lang='lat' dir='ltr'>miserat</span> <span class='ocrx_word' id='word_1_72' title='bbox 828 995 1078 1040; x_wconf 87' lang='lat' dir='ltr'>dominum</span> <span class='ocrx_word' id='word_1_73' title='bbox 1112 994 1170 1039; x_wconf 91' lang='lat' dir='ltr'>de</span> <span class='ocrx_word' id='word_1_74' title='bbox 1197 994 1484 1052; x_wconf 71' lang='lat' dir='ltr'>Bello-Joco,</span> <span class='ocrx_word' id='word_1_75' title='bbox 1521 995 1698 1040; x_wconf 91' lang='lat' dir='ltr'>dictum</span> 
     </span>
     <span class='ocr_line' id='line_1_12' title="bbox 291 1067 1699 1132; baseline 0 -20"><span class='ocrx_word' id='word_1_76' title='bbox 291 1068 428 1130; x_wconf 86' lang='lat' dir='ltr'>vulgo</span> <span class='ocrx_word' id='word_1_77' title='bbox 455 1079 498 1113; x_wconf 94' lang='lat' dir='ltr'>et</span> <span class='ocrx_word' id='word_1_78' title='bbox 524 1079 849 1132; x_wconf 84' lang='lat' dir='ltr'>nuncupatum</span> <span class='ocrx_word' id='word_1_79' title='bbox 883 1068 1131 1114; x_wconf 88' lang='lat' dir='ltr'>dominum</span> <span class='ocrx_word' id='word_1_80' title='bbox 1157 1067 1215 1113; x_wconf 89' lang='lat' dir='ltr'>de</span> <span class='ocrx_word' id='word_1_81' title='bbox 1247 1068 1479 1131; x_wconf 70' lang='lat' dir='ltr'>Beuujeu,</span> <span class='ocrx_word' id='word_1_82' title='bbox 1510 1068 1699 1113; x_wconf 86' lang='lat' dir='ltr'>fratrem</span> 
     </span>
     <span class='ocr_line' id='line_1_13' title="bbox 292 1144 1700 1207; baseline -0.001 -17"><span class='ocrx_word' id='word_1_83' title='bbox 292 1145 424 1190; x_wconf 92' lang='lat' dir='ltr'>ducis</span> <span class='ocrx_word' id='word_1_84' title='bbox 447 1145 689 1204; x_wconf 85' lang='lat' dir='ltr'>Borbonii,</span> <span class='ocrx_word' id='word_1_85' title='bbox 719 1162 827 1191; x_wconf 89' lang='lat' dir='ltr'>cum</span> <span class='ocrx_word' id='word_1_86' title='bbox 854 1145 952 1190; x_wconf 89' lang='lat' dir='ltr'>aliis</span> <span class='ocrx_word' id='word_1_87' title='bbox 976 1144 1257 1207; x_wconf 88' lang='lat' dir='ltr'>quibusdam</span> <span class='ocrx_word' id='word_1_88' title='bbox 1280 1144 1338 1190; x_wconf 78' lang='lat' dir='ltr'>(le</span> <span class='ocrx_word' id='word_1_89' title='bbox 1359 1145 1584 1190; x_wconf 87' lang='lat' dir='ltr'>Consilio.</span> <span class='ocrx_word' id='word_1_90' title='bbox 1607 1144 1700 1200; x_wconf 79' lang='lat' dir='ltr'>Qui</span> 
     </span>
     <span class='ocr_line' id='line_1_14' title="bbox 291 1222 1700 1284; baseline -0.001 -18"><span class='ocrx_word' id='word_1_91' title='bbox 291 1238 398 1266; x_wconf 89' lang='lat' dir='ltr'>cum</span> <span class='ocrx_word' id='word_1_92' title='bbox 441 1223 500 1267; x_wconf 86' lang='lat' dir='ltr'>ad</span> <span class='ocrx_word' id='word_1_93' title='bbox 541 1224 774 1268; x_wconf 75' lang='lat' dir='ltr'>civitatem</span> <span class='ocrx_word' id='word_1_94' title='bbox 809 1223 1167 1267; x_wconf 86' lang='lat' dir='ltr'>Lectorensem¹</span> <span class='ocrx_word' id='word_1_95' title='bbox 1208 1222 1553 1284; x_wconf 85' lang='lat' dir='ltr'>pervenissent,</span> <span class='ocrx_word' id='word_1_96' title='bbox 1597 1237 1700 1283; x_wconf 84' lang='lat' dir='ltr'>quae</span> 
     </span>
     <span class='ocr_line' id='line_1_15' title="bbox 286 1296 1701 1360; baseline -0.001 -18"><span class='ocrx_word' id='word_1_97' title='bbox 286 1297 403 1358; x_wconf 88' lang='lat' dir='ltr'>juris</span> <span class='ocrx_word' id='word_1_98' title='bbox 429 1297 575 1343; x_wconf 89' lang='lat' dir='ltr'>fuerat</span> <span class='ocrx_word' id='word_1_99' title='bbox 609 1298 821 1360; x_wconf 86' lang='lat' dir='ltr'>ejusdem</span> <span class='ocrx_word' id='word_1_100' title='bbox 859 1298 1064 1356; x_wconf 77' lang='lat' dir='ltr'>comitis,</span> <span class='ocrx_word' id='word_1_101' title='bbox 1095 1296 1176 1341; x_wconf 90' lang='lat' dir='ltr'>sed</span> <span class='ocrx_word' id='word_1_102' title='bbox 1204 1313 1229 1341; x_wconf 81' lang='lat' dir='ltr'>a</span> <span class='ocrx_word' id='word_1_103' title='bbox 1266 1313 1371 1357; x_wconf 85' lang='lat' dir='ltr'>rege</span> <span class='ocrx_word' id='word_1_104' title='bbox 1402 1308 1629 1359; x_wconf 83' lang='lat' dir='ltr'>occupata</span> <span class='ocrx_word' id='word_1_105' title='bbox 1657 1306 1701 1341; x_wconf 93' lang='lat' dir='ltr'>et</span> 
     </span>
     <span class='ocr_line' id='line_1_16' title="bbox 290 1372 1701 1437; baseline -0.001 -18"><span class='ocrx_word' id='word_1_106' title='bbox 290 1391 526 1437; x_wconf 79' lang='lat' dir='ltr'>possessa,</span> <span class='ocrx_word' id='word_1_107' title='bbox 569 1385 638 1429; x_wconf 91' lang='lat' dir='ltr'>et,</span> <span class='ocrx_word' id='word_1_108' title='bbox 683 1384 895 1420; x_wconf 89' lang='lat' dir='ltr'>tenentes</span> <span class='ocrx_word' id='word_1_109' title='bbox 930 1375 1185 1437; x_wconf 82' lang='lat' dir='ltr'>practicam</span> <span class='ocrx_word' id='word_1_110' title='bbox 1220 1382 1264 1418; x_wconf 88' lang='lat' dir='ltr'>et</span> <span class='ocrx_word' id='word_1_111' title='bbox 1311 1372 1454 1418; x_wconf 70' lang='lat' dir='ltr'>verba</span> <span class='ocrx_word' id='word_1_112' title='bbox 1503 1389 1701 1436; x_wconf 90' lang='lat' dir='ltr'>compo-</span> 
     </span>
     <span class='ocr_line' id='line_1_17' title="bbox 290 1451 1702 1515; baseline -0.001 -19"><span class='ocrx_word' id='word_1_113' title='bbox 290 1451 436 1497; x_wconf 89' lang='lat' dir='ltr'>nendi</span> <span class='ocrx_word' id='word_1_114' title='bbox 465 1462 509 1497; x_wconf 90' lang='lat' dir='ltr'>et</span> <span class='ocrx_word' id='word_1_115' title='bbox 538 1452 818 1515; x_wconf 81' lang='lat' dir='ltr'>pacificandi</span> <span class='ocrx_word' id='word_1_116' title='bbox 850 1469 958 1497; x_wconf 87' lang='lat' dir='ltr'>cum</span> <span class='ocrx_word' id='word_1_117' title='bbox 985 1453 1085 1515; x_wconf 89' lang='lat' dir='ltr'>ipso</span> <span class='ocrx_word' id='word_1_118' title='bbox 1115 1452 1318 1508; x_wconf 79' lang='lat' dir='ltr'>comite,</span> <span class='ocrx_word' id='word_1_119' title='bbox 1352 1451 1582 1496; x_wconf 75' lang='lat' dir='ltr'>incautius</span> <span class='ocrx_word' id='word_1_120' title='bbox 1618 1451 1702 1495; x_wconf 88' lang='lat' dir='ltr'>mi-</span> 
     </span>
     <span class='ocr_line' id='line_1_18' title="bbox 290 1527 1700 1592; baseline 0 -19"><span class='ocrx_word' id='word_1_121' title='bbox 290 1546 473 1591; x_wconf 85' lang='lat' dir='ltr'>nusque</span> <span class='ocrx_word' id='word_1_122' title='bbox 519 1530 716 1575; x_wconf 84' lang='lat' dir='ltr'>solerter</span> <span class='ocrx_word' id='word_1_123' title='bbox 765 1540 905 1592; x_wconf 86' lang='lat' dir='ltr'>atque</span> <span class='ocrx_word' id='word_1_124' title='bbox 943 1528 1190 1591; x_wconf 62' lang='lat' dir='ltr'>vigilanter</span> <span class='ocrx_word' id='word_1_125' title='bbox 1238 1527 1450 1590; x_wconf 88' lang='lat' dir='ltr'>ejusdem</span> <span class='ocrx_word' id='word_1_126' title='bbox 1501 1528 1700 1573; x_wconf 71' lang='lat' dir='ltr'>civitatis</span> 
     </span>
     <span class='ocr_line' id='line_1_19' title="bbox 289 1605 1700 1668; baseline -0.003 -16"><span class='ocrx_word' id='word_1_127' title='bbox 289 1607 515 1652; x_wconf 81' lang='lat' dir='ltr'>custodiae</span> <span class='ocrx_word' id='word_1_128' title='bbox 549 1607 849 1652; x_wconf 87' lang='lat' dir='ltr'>intenderent</span> <span class='ocrx_word' id='word_1_129' title='bbox 868 1609 896 1665; x_wconf 69' lang='lat'>²,</span> <span class='ocrx_word' id='word_1_130' title='bbox 930 1607 1126 1668; x_wconf 80' lang='lat' dir='ltr'>contigit</span> <span class='ocrx_word' id='word_1_131' title='bbox 1165 1616 1213 1650; x_wconf 91' lang='lat' dir='ltr'>ut</span> <span class='ocrx_word' id='word_1_132' title='bbox 1245 1605 1370 1650; x_wconf 89' lang='lat' dir='ltr'>idem</span> <span class='ocrx_word' id='word_1_133' title='bbox 1409 1621 1566 1650; x_wconf 87' lang='lat' dir='ltr'>comes</span> <span class='ocrx_word' id='word_1_134' title='bbox 1597 1614 1700 1649; x_wconf 87' lang='lat' dir='ltr'>astu</span> 
     </span>
     <span class='ocr_line' id='line_1_20' title="bbox 290 1681 1699 1745; baseline -0.003 -17"><span class='ocrx_word' id='word_1_135' title='bbox 290 1683 498 1745; x_wconf 85' lang='lat' dir='ltr'>quodam</span> <span class='ocrx_word' id='word_1_136' title='bbox 521 1694 563 1728; x_wconf 92' lang='lat' dir='ltr'>et</span> <span class='ocrx_word' id='word_1_137' title='bbox 596 1684 910 1740; x_wconf 78' lang='lat' dir='ltr'>vaframento,</span> <span class='ocrx_word' id='word_1_138' title='bbox 946 1693 1073 1728; x_wconf 85' lang='lat' dir='ltr'>certa</span> <span class='ocrx_word' id='word_1_139' title='bbox 1105 1681 1355 1727; x_wconf 84' lang='lat' dir='ltr'>satellitum</span> <span class='ocrx_word' id='word_1_140' title='bbox 1391 1696 1532 1725; x_wconf 85' lang='lat' dir='ltr'>manu</span> <span class='ocrx_word' id='word_1_141' title='bbox 1559 1681 1699 1743; x_wconf 83' lang='lat' dir='ltr'>stipa-</span> 
     </span>
     <span class='ocr_line' id='line_1_21' title="bbox 291 1757 1698 1820; baseline -0.004 -16"><span class='ocrx_word' id='word_1_142' title='bbox 291 1769 390 1816; x_wconf 64' lang='lat' dir='ltr'>tm,</span> <span class='ocrx_word' id='word_1_143' title='bbox 421 1759 636 1804; x_wconf 85' lang='lat' dir='ltr'>eamdem</span> <span class='ocrx_word' id='word_1_144' title='bbox 672 1759 835 1805; x_wconf 83' lang='lat' dir='ltr'>urbem</span> <span class='ocrx_word' id='word_1_145' title='bbox 863 1776 994 1804; x_wconf 82' lang='lat' dir='ltr'>suam</span> <span class='ocrx_word' id='word_1_146' title='bbox 1026 1757 1365 1820; x_wconf 85' lang='lat' dir='ltr'>ingrederetur.</span> <span class='ocrx_word' id='word_1_147' title='bbox 1405 1760 1559 1812; x_wconf 88' lang='lat' dir='ltr'>Quam</span> <span class='ocrx_word' id='word_1_148' title='bbox 1590 1772 1698 1800; x_wconf 89' lang='lat' dir='ltr'>cum</span> 
     </span>
     <span class='ocr_line' id='line_1_22' title="bbox 291 1829 1696 1897; baseline -0.003 -17"><span class='ocrx_word' id='word_1_149' title='bbox 291 1829 524 1897; x_wconf 82' lang='lat' dir='ltr'>ingressus</span> <span class='ocrx_word' id='word_1_150' title='bbox 557 1845 602 1881; x_wconf 84' lang='lat' dir='ltr'>et</span> <span class='ocrx_word' id='word_1_151' title='bbox 636 1853 718 1893; x_wconf 78' lang='lat' dir='ltr'>ea,</span> <span class='ocrx_word' id='word_1_152' title='bbox 758 1835 938 1881; x_wconf 75' lang='lat' dir='ltr'>civibus</span> <span class='ocrx_word' id='word_1_153' title='bbox 978 1835 1070 1880; x_wconf 88' lang='lat' dir='ltr'>suis</span> <span class='ocrx_word' id='word_1_154' title='bbox 1108 1835 1300 1879; x_wconf 89' lang='lat' dir='ltr'>minime</span> <span class='ocrx_word' id='word_1_155' title='bbox 1334 1831 1696 1888; x_wconf 83' lang='lat' dir='ltr'>reluctantibus,</span> 
     </span>
     <span class='ocr_line' id='line_1_23' title="bbox 291 1910 1698 1976; baseline -0.003 -19"><span class='ocrx_word' id='word_1_156' title='bbox 291 1913 466 1975; x_wconf 89' lang='lat' dir='ltr'>potitus</span> <span class='ocrx_word' id='word_1_157' title='bbox 505 1913 684 1967; x_wconf 82' lang='lat' dir='ltr'>suisset,</span> <span class='ocrx_word' id='word_1_158' title='bbox 724 1914 879 1976; x_wconf 88' lang='lat' dir='ltr'>ipsum</span> <span class='ocrx_word' id='word_1_159' title='bbox 913 1913 1164 1958; x_wconf 90' lang='lat' dir='ltr'>dominum</span> <span class='ocrx_word' id='word_1_160' title='bbox 1204 1911 1263 1955; x_wconf 89' lang='lat' dir='ltr'>de</span> <span class='ocrx_word' id='word_1_161' title='bbox 1294 1910 1558 1955; x_wconf 84' lang='lat' dir='ltr'>ssello-Joco</span> <span class='ocrx_word' id='word_1_162' title='bbox 1591 1925 1698 1954; x_wconf 89' lang='lat' dir='ltr'>cum</span> 
     </span>
     <span class='ocr_line' id='line_1_24' title="bbox 290 1986 1701 2052; baseline -0.002 -18"><span class='ocrx_word' id='word_1_163' title='bbox 290 1990 389 2035; x_wconf 87' lang='lat' dir='ltr'>aliis</span> <span class='ocrx_word' id='word_1_164' title='bbox 413 1990 548 2051; x_wconf 82' lang='lat' dir='ltr'>regiis</span> <span class='ocrx_word' id='word_1_165' title='bbox 573 1991 905 2036; x_wconf 87' lang='lat' dir='ltr'>commissariis</span> <span class='ocrx_word' id='word_1_166' title='bbox 939 2007 1048 2035; x_wconf 86' lang='lat' dir='ltr'>suos</span> <span class='ocrx_word' id='word_1_167' title='bbox 1073 1989 1284 2052; x_wconf 82' lang='lat' dir='ltr'>captivos</span> <span class='ocrx_word' id='word_1_168' title='bbox 1319 1986 1424 2032; x_wconf 89' lang='lat' dir='ltr'>fecit</span> <span class='ocrx_word' id='word_1_169' title='bbox 1455 1997 1499 2032; x_wconf 91' lang='lat' dir='ltr'>et</span> <span class='ocrx_word' id='word_1_170' title='bbox 1529 1989 1574 2032; x_wconf 91' lang='lat' dir='ltr'>in</span> <span class='ocrx_word' id='word_1_171' title='bbox 1603 2003 1701 2032; x_wconf 87' lang='lat' dir='ltr'>car—</span> 
     </span>
     <span class='ocr_line' id='line_1_25' title="bbox 291 2068 618 2112; baseline 0.003 -1"><span class='ocrx_word' id='word_1_172' title='bbox 291 2084 442 2112; x_wconf 88' lang='lat' dir='ltr'>cerem</span> <span class='ocrx_word' id='word_1_173' title='bbox 468 2068 618 2112; x_wconf 89' lang='lat' dir='ltr'>trusit.</span> 
     </span>
    </p>

    <p class='ocr_par' dir='ltr' id='par_1_4' title="bbox 356 2140 1701 2206">
     <span class='ocr_line' id='line_1_26' title="bbox 356 2140 1701 2206; baseline -0.004 -17"><span class='ocrx_word' id='word_1_174' title='bbox 356 2143 495 2199; x_wconf 87' lang='lat' dir='ltr'>Quod</span> <span class='ocrx_word' id='word_1_175' title='bbox 532 2161 641 2189; x_wconf 89' lang='lat' dir='ltr'>cum</span> <span class='ocrx_word' id='word_1_176' title='bbox 672 2144 731 2189; x_wconf 89' lang='lat' dir='ltr'>ad</span> <span class='ocrx_word' id='word_1_177' title='bbox 757 2144 875 2205; x_wconf 85' lang='lat' dir='ltr'>regis</span> <span class='ocrx_word' id='word_1_178' title='bbox 903 2143 1136 2206; x_wconf 79' lang='lat' dir='ltr'>perlatum</span> <span class='ocrx_word' id='word_1_179' title='bbox 1170 2142 1252 2186; x_wconf 89' lang='lat' dir='ltr'>fuit</span> <span class='ocrx_word' id='word_1_180' title='bbox 1279 2141 1521 2198; x_wconf 85' lang='lat' dir='ltr'>notitiam,</span> <span class='ocrx_word' id='word_1_181' title='bbox 1545 2140 1701 2185; x_wconf 91' lang='lat' dir='ltr'>statim</span> 
     </span>
    </p>
   </div>
   <div class='ocr_carea' id='block_1_3' title="bbox 291 2217 1697 2283">
    <p class='ocr_par' dir='ltr' id='par_1_5' title="bbox 291 2217 1697 2283">
     <span class='ocr_line' id='line_1_27' title="bbox 291 2217 1697 2283; baseline -0.003 -18"><span class='ocrx_word' id='word_1_182' title='bbox 291 2230 396 2283; x_wconf 83' lang='lat' dir='ltr'>post</span> <span class='ocrx_word' id='word_1_183' title='bbox 436 2220 643 2266; x_wconf 73' lang='lat' dir='ltr'>Pasclia³</span> <span class='ocrx_word' id='word_1_184' title='bbox 694 2237 886 2281; x_wconf 74' lang='lat' dir='ltr'>magnas</span> <span class='ocrx_word' id='word_1_185' title='bbox 926 2235 1121 2263; x_wconf 90' lang='lat' dir='ltr'>suorum</span> <span class='ocrx_word' id='word_1_186' title='bbox 1156 2219 1368 2280; x_wconf 87' lang='lat' dir='ltr'>equitum</span> <span class='ocrx_word' id='word_1_187' title='bbox 1406 2228 1450 2263; x_wconf 90' lang='lat' dir='ltr'>et</span> <span class='ocrx_word' id='word_1_188' title='bbox 1483 2217 1697 2281; x_wconf 86' lang='lat' dir='ltr'>peditum</span> 
     </span>
    </p>
   </div>
   <div class='ocr_carea' id='block_1_4' title="bbox 291 2258 1702 2754">
    <p class='ocr_par' dir='ltr' id='par_1_6' title="bbox 654 2258 665 2279">
     <span class='ocr_line' id='line_1_28' title="bbox 654 2258 665 2279; baseline 0 0"><span class='ocrx_word' id='word_1_189' title='bbox 654 2258 665 2279; x_wconf 66' lang='grc' dir='ltr'><strong><em>ν</em></strong></span> 
     </span>
    </p>

    <p class='ocr_par' dir='ltr' id='par_1_7' title="bbox 345 2349 1539 2399">
     <span class='ocr_line' id='line_1_29' title="bbox 345 2349 1539 2399; baseline -0.003 -11"><span class='ocrx_word' id='word_1_190' title='bbox 345 2354 382 2388; x_wconf 86' lang='grc'>1.</span> <span class='ocrx_word' id='word_1_191' title='bbox 414 2354 611 2395; x_wconf 68' lang='lat' dir='ltr'>Lectoure‚</span> <span class='ocrx_word' id='word_1_192' title='bbox 636 2349 881 2396; x_wconf 79' lang='lat' dir='ltr'>aujourd’liui</span> <span class='ocrx_word' id='word_1_193' title='bbox 903 2349 995 2386; x_wconf 84' lang='lat' dir='ltr'>dans</span> <span class='ocrx_word' id='word_1_194' title='bbox 1017 2349 1051 2385; x_wconf 87' lang='lat' dir='ltr'>le</span> <span class='ocrx_word' id='word_1_195' title='bbox 1073 2349 1335 2399; x_wconf 84' lang='lat' dir='ltr'>de&#39;partement</span> <span class='ocrx_word' id='word_1_196' title='bbox 1356 2349 1406 2385; x_wconf 86' lang='lat' dir='ltr'>du</span> <span class='ocrx_word' id='word_1_197' title='bbox 1427 2350 1539 2385; x_wconf 88' lang='lat' dir='ltr'>Gers.</span> 
     </span>
    </p>

    <p class='ocr_par' dir='ltr' id='par_1_8' title="bbox 291 2407 1702 2637">
     <span class='ocr_line' id='line_1_30' title="bbox 344 2407 1699 2458; baseline -0.001 -14"><span class='ocrx_word' id='word_1_198' title='bbox 344 2410 382 2447; x_wconf 67' lang='lat'>2.</span> <span class='ocrx_word' id='word_1_199' title='bbox 414 2410 572 2458; x_wconf 69' lang='lat' dir='ltr'>D&#39;apres</span> <span class='ocrx_word' id='word_1_200' title='bbox 601 2421 673 2445; x_wconf 85' lang='lat' dir='ltr'>une</span> <span class='ocrx_word' id='word_1_201' title='bbox 702 2409 899 2444; x_wconf 69' lang='lat' dir='ltr'>reinission</span> <span class='ocrx_word' id='word_1_202' title='bbox 927 2408 978 2444; x_wconf 86' lang='lat' dir='ltr'>du</span> <span class='ocrx_word' id='word_1_203' title='bbox 1010 2409 1144 2444; x_wconf 66' lang='lat' dir='ltr'>Tres-01·</span> <span class='ocrx_word' id='word_1_204' title='bbox 1179 2407 1244 2444; x_wconf 85' lang='lat' dir='ltr'>des</span> <span class='ocrx_word' id='word_1_205' title='bbox 1272 2407 1428 2445; x_wconf 85' lang='lat' dir='ltr'>Chartes</span> <span class='ocrx_word' id='word_1_206' title='bbox 1462 2412 1561 2456; x_wconf 73' lang='lat' dir='ltr'>(reg.</span> <span class='ocrx_word' id='word_1_207' title='bbox 1601 2407 1699 2451; x_wconf 74' lang='lat'><strong>205,</strong></span> 
     </span>
     <span class='ocr_line' id='line_1_31' title="bbox 293 2465 1702 2518; baseline -0.004 -12"><span class='ocrx_word' id='word_1_208' title='bbox 293 2482 330 2518; x_wconf 82' lang='lat' dir='ltr'>p.</span> <span class='ocrx_word' id='word_1_209' title='bbox 355 2470 446 2511; x_wconf 20' lang='lat'><em>2181!</em></span> <span class='ocrx_word' id='word_1_210' title='bbox 469 2499 477 2515; x_wconf 84' lang='lat'><strong>‚</strong></span> <span class='ocrx_word' id='word_1_211' title='bbox 509 2476 610 2504; x_wconf 87' lang='lat' dir='ltr'>toute</span> <span class='ocrx_word' id='word_1_212' title='bbox 636 2469 670 2504; x_wconf 89' lang='lat' dir='ltr'>la</span> <span class='ocrx_word' id='word_1_213' title='bbox 692 2468 790 2504; x_wconf 81' lang='lat' dir='ltr'>faute</span> <span class='ocrx_word' id='word_1_214' title='bbox 818 2468 870 2504; x_wconf 82' lang='lat' dir='ltr'>fut</span> <span class='ocrx_word' id='word_1_215' title='bbox 894 2470 913 2503; x_wconf 70' lang='lat' dir='ltr'>a</span> <span class='ocrx_word' id='word_1_216' title='bbox 937 2470 1096 2517; x_wconf 79' lang='lat' dir='ltr'>Jacques</span> <span class='ocrx_word' id='word_1_217' title='bbox 1124 2466 1171 2503; x_wconf 81' lang='lat' dir='ltr'>de</span> <span class='ocrx_word' id='word_1_218' title='bbox 1193 2470 1434 2517; x_wconf 73' lang='lat' dir='ltr'>Loumagne,</span> <span class='ocrx_word' id='word_1_219' title='bbox 1458 2467 1638 2515; x_wconf 71' lang='lat' dir='ltr'>seigneur</span> <span class='ocrx_word' id='word_1_220' title='bbox 1655 2465 1702 2502; x_wconf 87' lang='lat' dir='ltr'>de</span> 
     </span>
     <span class='ocr_line' id='line_1_32' title="bbox 292 2524 1698 2577; baseline -0.001 -15"><span class='ocrx_word' id='word_1_221' title='bbox 292 2530 536 2576; x_wconf 75' lang='lat' dir='ltr'>Montagnac,</span> <span class='ocrx_word' id='word_1_222' title='bbox 559 2526 766 2573; x_wconf 71' lang='lat' dir='ltr'>chevalier,</span> <span class='ocrx_word' id='word_1_223' title='bbox 789 2526 875 2576; x_wconf 84' lang='lat' dir='ltr'>qui,</span> <span class='ocrx_word' id='word_1_224' title='bbox 902 2528 1003 2563; x_wconf 75' lang='lat' dir='ltr'>etant</span> <span class='ocrx_word' id='word_1_225' title='bbox 1020 2527 1160 2577; x_wconf 77' lang='lat' dir='ltr'>charge</span> <span class='ocrx_word' id='word_1_226' title='bbox 1184 2525 1230 2563; x_wconf 93' lang='lat' dir='ltr'>de</span> <span class='ocrx_word' id='word_1_227' title='bbox 1252 2526 1287 2562; x_wconf 88' lang='lat' dir='ltr'>la</span> <span class='ocrx_word' id='word_1_228' title='bbox 1309 2525 1426 2577; x_wconf 77' lang='lat' dir='ltr'>garde</span> <span class='ocrx_word' id='word_1_229' title='bbox 1452 2525 1498 2562; x_wconf 91' lang='lat' dir='ltr'>de</span> <span class='ocrx_word' id='word_1_230' title='bbox 1518 2525 1553 2561; x_wconf 88' lang='lat' dir='ltr'>la</span> <span class='ocrx_word' id='word_1_231' title='bbox 1585 2524 1674 2561; x_wconf 89' lang='lat' dir='ltr'>ville</span> <span class='ocrx_word' id='word_1_232' title='bbox 1689 2555 1698 2571; x_wconf 86' lang='lat'><strong>‚</strong></span> 
     </span>
     <span class='ocr_line' id='line_1_33' title="bbox 291 2584 1697 2637; baseline -0.002 -14"><span class='ocrx_word' id='word_1_233' title='bbox 291 2595 355 2623; x_wconf 91' lang='lat' dir='ltr'>eut</span> <span class='ocrx_word' id='word_1_234' title='bbox 375 2586 650 2636; x_wconf 79' lang='lat' dir='ltr'>l&#39;iinprudence</span> <span class='ocrx_word' id='word_1_235' title='bbox 668 2587 714 2623; x_wconf 92' lang='lat' dir='ltr'>de</span> <span class='ocrx_word' id='word_1_236' title='bbox 731 2589 809 2623; x_wconf 83' lang='lat' dir='ltr'>s&#39;en</span> <span class='ocrx_word' id='word_1_237' title='bbox 828 2600 984 2637; x_wconf 85' lang='lat' dir='ltr'>reposer</span> <span class='ocrx_word' id='word_1_238' title='bbox 1003 2600 1067 2624; x_wconf 88' lang='lat' dir='ltr'>sur</span> <span class='ocrx_word' id='word_1_239' title='bbox 1085 2586 1166 2623; x_wconf 87' lang='lat' dir='ltr'>l&#39;un</span> <span class='ocrx_word' id='word_1_240' title='bbox 1186 2586 1233 2622; x_wconf 91' lang='lat' dir='ltr'>de</span> <span class='ocrx_word' id='word_1_241' title='bbox 1254 2599 1312 2623; x_wconf 88' lang='lat' dir='ltr'>ses</span> <span class='ocrx_word' id='word_1_242' title='bbox 1329 2585 1501 2622; x_wconf 86' lang='lat' dir='ltr'>hommes</span> <span class='ocrx_word' id='word_1_243' title='bbox 1522 2584 1697 2621; x_wconf 87' lang='lat' dir='ltr'>d&#39;armes.</span> 
     </span>
    </p>

    <p class='ocr_par' dir='ltr' id='par_1_9' title="bbox 292 2644 1702 2754">
     <span class='ocr_line' id='line_1_34' title="bbox 347 2644 1702 2695; baseline -0.003 -13"><span class='ocrx_word' id='word_1_244' title='bbox 347 2648 382 2683; x_wconf 87' lang='lat'>3.</span> <span class='ocrx_word' id='word_1_245' title='bbox 419 2648 560 2682; x_wconf 88' lang='lat' dir='ltr'>Erreur</span> <span class='ocrx_word' id='word_1_246' title='bbox 586 2645 633 2682; x_wconf 84' lang='lat' dir='ltr'>(le</span> <span class='ocrx_word' id='word_1_247' title='bbox 654 2646 752 2682; x_wconf 85' lang='lat' dir='ltr'>date.</span> <span class='ocrx_word' id='word_1_248' title='bbox 776 2649 828 2683; x_wconf 90' lang='lat' dir='ltr'>Le</span> <span class='ocrx_word' id='word_1_249' title='bbox 858 2646 912 2682; x_wconf 89' lang='lat' dir='ltr'>roi</span> <span class='ocrx_word' id='word_1_250' title='bbox 938 2659 1087 2695; x_wconf 82' lang='lat' dir='ltr'>envoya</span> <span class='ocrx_word' id='word_1_251' title='bbox 1113 2658 1182 2681; x_wconf 87' lang='lat' dir='ltr'>son</span> <span class='ocrx_word' id='word_1_252' title='bbox 1207 2645 1335 2682; x_wconf 81' lang='lat' dir='ltr'>arme&#39;e</span> <span class='ocrx_word' id='word_1_253' title='bbox 1362 2652 1493 2680; x_wconf 79' lang='lat' dir='ltr'>contre</span> <span class='ocrx_word' id='word_1_254' title='bbox 1519 2644 1554 2679; x_wconf 89' lang='lat' dir='ltr'>le</span> <span class='ocrx_word' id='word_1_255' title='bbox 1579 2650 1702 2680; x_wconf 86' lang='lat' dir='ltr'>comte</span> 
     </span>
     <span class='ocr_line' id='line_1_35' title="bbox 292 2703 1152 2754; baseline 0.001 -14"><span class='ocrx_word' id='word_1_256' title='bbox 292 2703 544 2754; x_wconf 76' lang='lat' dir='ltr'>d&#39;Armagnac</span> <span class='ocrx_word' id='word_1_257' title='bbox 564 2718 612 2741; x_wconf 87' lang='lat' dir='ltr'>au</span> <span class='ocrx_word' id='word_1_258' title='bbox 635 2705 728 2741; x_wconf 82' lang='lat' dir='ltr'>mois</span> <span class='ocrx_word' id='word_1_259' title='bbox 746 2705 791 2741; x_wconf 85' lang='lat' dir='ltr'>de</span> <span class='ocrx_word' id='word_1_260' title='bbox 813 2704 1014 2741; x_wconf 78' lang='lat' dir='ltr'>decembre</span> <span class='ocrx_word' id='word_1_261' title='bbox 1036 2706 1152 2741; x_wconf 73' lang='lat'>1472.</span> 
     </span>
    </p>
   </div>
  </div>
 </body>
</html>
