1923 3020
262 224 334 260 362
624 220 965 256 HISTORIARUM
993 219 1228 255 LUDOVICI
1255 220 1311 254 XI

256 312 335 374 qui
362 321 461 356 tum
485 308 702 353 omnium
726 307 1040 370 potentissimi
1066 306 1272 363 fuerunt,
1301 305 1382 351 sed
1406 322 1495 351 neo
1519 316 1670 353 totum

257 388 420 433 orbem
459 395 691 430 terrarum
717 399 854 447 posse
878 384 1114 439 resistere,
1142 391 1321 445 quanto
1346 381 1526 429 facilius
1553 399 1671 445 prae-

256 464 376 510 sumi
407 471 562 525 potest
589 461 789 506 Galliam
819 476 867 506 se
897 461 958 506 ab
988 459 1248 522 Anglorum
1275 458 1599 505 invasionibus
1626 470 1672 506 et

256 539 394 585 minis
425 538 563 583 tutari
593 537 761 600 posse?
796 537 949 582 Patuit
977 536 1093 582 hoo¹
1120 535 1314 599 quidem
1346 546 1390 582 et
1422 536 1511 582 hac
1541 537 1666 596 vice,

254 632 362 662 cum
394 616 536 660 totius
570 615 700 676 regni
732 614 804 659 sui
836 614 996 676 copias
1022 630 1103 659 rex
1135 612 1394 675 Anglorum
1420 614 1671 674 trajecisset

255 695 302 739 in
331 692 555 750 Galliam,
585 693 631 737 vi
656 701 702 738 et
729 707 930 737 numero
958 691 1183 753 majores,
1211 708 1354 754 quam
1380 691 1528 737 ullum
1552 691 1672 737 alio-

254 788 360 816 rum
388 771 688 834 superiorum
721 786 886 831 regum
916 768 1076 814 secisse
1108 768 1350 824 referatur,
1384 768 1670 831 haberetque

254 847 344 893 sibi
390 847 643 892 foederatos
682 855 728 891 et
765 845 1036 891 auxiliarios
1075 845 1457 907 potentissimum
1490 846 1670 908 princi-

255 942 391 988 pem,
428 924 599 969 ducem
639 921 1056 985 Burgundionum,
1096 931 1142 967 et
1176 922 1349 967 ducem
1388 921 1667 978 Britanniae,

254 1018 364 1047 cum
390 1001 605 1065 pluribus
639 999 740 1045 aliis
771 1009 1003 1044 terrarum
1038 998 1273 1056 dominis,
1310 998 1391 1059 qui
1422 998 1668 1058 nondum,

255 1079 511 1142 compressi
534 1087 679 1135 metu,
704 1078 888 1123 animos
909 1093 1020 1122 suos
1039 1077 1140 1122 ausi
1161 1075 1346 1121 fuerant
1368 1077 1567 1138 aperire,
1590 1077 1671 1122 sed

256 1156 438 1212 facturi,
461 1156 559 1201 visa
581 1155 807 1218 temporis
828 1153 1203 1217 opportunitate,
1225 1152 1548 1198 indubitanter
1567 1170 1673 1216 spe-

255 1232 498 1278 rabantur.
532 1233 657 1288 Quid
686 1232 827 1293 igitur
860 1230 1071 1276 futurum
1104 1230 1433 1276 aestimandum
1467 1239 1556 1288 est,
1594 1230 1673 1276 ubi

256 1312 400 1356 totius
423 1310 582 1356 Galliae
606 1327 685 1355 seu
716 1310 848 1371 regni
879 1312 1172 1354 Francorum
1197 1309 1321 1354 vires
1351 1326 1405 1355 ac
1434 1309 1673 1373 principes

257 1389 459 1434 invicem
500 1387 620 1432 bene
659 1386 895 1432 conciliati
931 1387 1298 1431 concurrerent?
1329 1389 1527 1431 Possent
1561 1402 1673 1449 pro-

258 1465 398 1522 fecto⁷
427 1481 524 1510 non
553 1463 699 1508 modo
725 1463 866 1508 tutari
893 1462 1012 1508 fines
1036 1479 1146 1508 suos
1171 1462 1230 1508 ab
1252 1461 1494 1515 hostibus,
1522 1463 1603 1509 sed
1628 1473 1674 1509 et

258 1541 483 1587 finitimos
506 1557 740 1604 quosque,
763 1557 871 1585 cum
890 1540 1072 1596 liberet,
1093 1540 1360 1602 subjugum
1380 1550 1426 1585 ct
1443 1540 1672 1587 ditionem

258 1635 390 1665 suam
428 1618 502 1664 vel
540 1618 747 1673 mittere,
786 1619 858 1664 vel
889 1617 1164 1675 deturbare,
1193 1617 1603 1679 quemadmodum
1628 1628 1674 1663 et

259 1696 371 1741 olim
391 1696 555 1759 priscis
574 1695 869 1758 temporibus
890 1711 987 1740 non
1008 1694 1153 1740 semel
1173 1704 1376 1753 tantum,
1399 1695 1480 1741 sed
1500 1695 1674 1758 pluries

260 1773 420 1818 secisse
438 1773 724 1818 referuntur.
746 1775 939 1835 Propter
956 1772 1087 1834 quod
1112 1771 1297 1834 Anglos‚
1316 1772 1396 1833 qui
1417 1771 1672 1835 aliquando

258 1866 458 1910 regnum
490 1853 777 1895 Francorum
809 1850 1034 1911 aggressi,
1067 1849 1220 1894 eidem
1245 1848 1404 1894 clades
1433 1848 1671 1894 calamita-

260 1936 422 1988 tesque
447 1927 600 1972 varias
624 1927 908 1980 intulerunt,
940 1927 1098 1989 potius
1125 1926 1188 1971 ob
1219 1927 1440 1971 intestina
1466 1928 1671 1971 Franco-

261 2020 366 2049 rum
390 2004 581 2050 dissidia
605 2021 686 2050 seu
705 2020 871 2049 eorum
889 2004 1144 2065 ignaviam,
1166 2020 1252 2066 pro
1274 2013 1504 2066 tempore,
1529 2019 1671 2065 quam

260 2098 500 2126 armorum
536 2082 747 2145 potentia
785 2091 864 2127 aut
899 2081 1077 2126 viribus
1121 2081 1327 2145 propriis
1361 2080 1455 2126 hoc
1487 2080 1673 2127 efficere

261 2160 468 2221 potuisse
491 2169 731 2222 putamus.

315 2299 351 2332 1.
383 2299 509 2333 Potuit
528 2298 600 2332 leaec
621 2297 714 2334 dans
734 2297 767 2334 le
790 2310 859 2333 ms.
