<?xml version="1.0" encoding="UTF-8"?>
<!DOCTYPE html PUBLIC "-//W3C//DTD XHTML 1.0 Transitional//EN"
    "http://www.w3.org/TR/xhtml1/DTD/xhtml1-transitional.dtd">
<html xmlns="http://www.w3.org/1999/xhtml" xml:lang="en" lang="en">
 <head>
  <title>
</title>
<meta http-equiv="Content-Type" content="text/html;charset=utf-8" />
  <meta name='ocr-system' content='tesseract 3.04.00' />
  <meta name='ocr-capabilities' content='ocr_page ocr_carea ocr_par ocr_line ocrx_word'/>
</head>
<body>
  <div class='ocr_page' id='page_1' title='image "./histoiredesrgn02basi_0443.png"; bbox 0 0 1923 3020; ppageno 0'>
   <div class='ocr_carea' id='block_1_1' title="bbox 733 235 1639 280">
    <p class='ocr_par' dir='ltr' id='par_1_1' title="bbox 733 235 1639 280">
     <span class='ocr_line' id='line_1_1' title="bbox 733 235 1639 280; baseline -0.001 -10"><span class='ocrx_word' id='word_1_1' title='bbox 733 236 874 271; x_wconf 85' lang='lat' dir='ltr'>LIBER</span> <span class='ocrx_word' id='word_1_2' title='bbox 904 235 1129 280; x_wconf 81' lang='lat' dir='ltr'><strong>QUARTUS</strong></span> <span class='ocrx_word' id='word_1_3' title='bbox 1137 263 1144 270; x_wconf 93' lang='lat'><em>.</em></span> <span class='ocrx_word' id='word_1_4' title='bbox 1564 235 1639 270; x_wconf 73' lang='lat'><strong>303</strong></span> 
     </span>
    </p>
   </div>
   <div class='ocr_carea' id='block_1_2' title="bbox 661 439 1195 483">
    <p class='ocr_par' dir='ltr' id='par_1_2' title="bbox 661 439 1195 483">
     <span class='ocr_line' id='line_1_2' title="bbox 661 439 1195 483; baseline 0.002 -2"><span class='ocrx_word' id='word_1_5' title='bbox 661 439 1000 483; x_wconf 85' lang='lat' dir='ltr'><strong>CAPITULUM</strong></span> <span class='ocrx_word' id='word_1_6' title='bbox 1035 440 1195 482; x_wconf 81' lang='lat' dir='ltr'>XVIII.</span> 
     </span>
    </p>
   </div>
   <div class='ocr_carea' id='block_1_3' title="bbox 342 582 1531 672">
    <p class='ocr_par' dir='ltr' id='par_1_3' title="bbox 342 582 1531 672">
     <span class='ocr_line' id='line_1_3' title="bbox 342 582 1531 631; baseline 0.003 -16"><span class='ocrx_word' id='word_1_7' title='bbox 342 582 448 625; x_wconf 91' lang='lat' dir='ltr'><strong>Quod</strong></span> <span class='ocrx_word' id='word_1_8' title='bbox 468 583 624 616; x_wconf 81' lang='lat' dir='ltr'><strong>similiter</strong></span> <span class='ocrx_word' id='word_1_9' title='bbox 641 583 711 616; x_wconf 75' lang='lat' dir='ltr'><strong>dux</strong></span> <span class='ocrx_word' id='word_1_10' title='bbox 731 583 942 628; x_wconf 80' lang='lat' dir='ltr'><strong>Bnrgundiae</strong></span> <span class='ocrx_word' id='word_1_11' title='bbox 961 597 1039 617; x_wconf 88' lang='lat' dir='ltr'><strong>cum</strong></span> <span class='ocrx_word' id='word_1_12' title='bbox 1062 597 1140 627; x_wconf 77' lang='lat' dir='ltr'><strong>rege</strong></span> <span class='ocrx_word' id='word_1_13' title='bbox 1160 585 1375 618; x_wconf 83' lang='lat' dir='ltr'>Francorum</span> <span class='ocrx_word' id='word_1_14' title='bbox 1396 594 1531 631; x_wconf 72' lang='lat' dir='ltr'><strong>treugas</strong></span> 
     </span>
     <span class='ocr_line' id='line_1_4' title="bbox 774 639 1102 672; baseline 0.006 -2"><span class='ocrx_word' id='word_1_15' title='bbox 774 639 853 671; x_wconf 86' lang='lat' dir='ltr'><strong>fecit</strong></span> <span class='ocrx_word' id='word_1_16' title='bbox 876 640 1102 672; x_wconf 79' lang='lat' dir='ltr'><strong>novennales,</strong></span> 
     </span>
    </p>
   </div>
   <div class='ocr_carea' id='block_1_4' title="bbox 234 767 1647 2451">
    <p class='ocr_par' dir='ltr' id='par_1_4' title="bbox 234 767 1647 2202">
     <span class='ocr_line' id='line_1_5' title="bbox 301 767 1644 837; baseline 0.004 -22"><span class='ocrx_word' id='word_1_17' title='bbox 301 767 541 815; x_wconf 88' lang='lat' dir='ltr'><strong>Intellecto</strong></span> <span class='ocrx_word' id='word_1_18' title='bbox 564 785 678 815; x_wconf 81' lang='lat' dir='ltr'><strong>vero</strong></span> <span class='ocrx_word' id='word_1_19' title='bbox 694 786 721 815; x_wconf 90' lang='lat' dir='ltr'><strong>a</strong></span> <span class='ocrx_word' id='word_1_20' title='bbox 744 769 865 816; x_wconf 90' lang='lat' dir='ltr'><strong>duce</strong></span> <span class='ocrx_word' id='word_1_21' title='bbox 885 771 1277 832; x_wconf 82' lang='lat' dir='ltr'><strong>Burgundionum</strong></span> <span class='ocrx_word' id='word_1_22' title='bbox 1299 773 1427 835; x_wconf 89' lang='lat' dir='ltr'><strong>quod</strong></span> <span class='ocrx_word' id='word_1_23' title='bbox 1450 775 1512 819; x_wconf 86' lang='lat' dir='ltr'><strong>ita</strong></span> <span class='ocrx_word' id='word_1_24' title='bbox 1532 791 1644 837; x_wconf 68' lang='lat' dir='ltr'><strong>pree·</strong></span> 
     </span>
     <span class='ocr_line' id='line_1_6' title="bbox 235 846 1646 913; baseline 0.003 -20"><span class='ocrx_word' id='word_1_25' title='bbox 235 848 393 910; x_wconf 90' lang='lat' dir='ltr'><strong>rupte¹</strong></span> <span class='ocrx_word' id='word_1_26' title='bbox 423 856 469 891; x_wconf 92' lang='lat' dir='ltr'><strong>et</strong></span> <span class='ocrx_word' id='word_1_27' title='bbox 496 846 764 909; x_wconf 81' lang='lat' dir='ltr'><strong>repentine,</strong></span> <span class='ocrx_word' id='word_1_28' title='bbox 799 863 856 892; x_wconf 87' lang='lat' dir='ltr'><strong>eo</strong></span> <span class='ocrx_word' id='word_1_29' title='bbox 886 848 1069 906; x_wconf 87' lang='lat' dir='ltr'><strong>nescio,</strong></span> <span class='ocrx_word' id='word_1_30' title='bbox 1103 857 1289 910; x_wconf 80' lang='lat' dir='ltr'><strong>treugas</strong></span> <span class='ocrx_word' id='word_1_31' title='bbox 1318 850 1561 913; x_wconf 84' lang='lat' dir='ltr'><strong>praedictas</strong></span> <span class='ocrx_word' id='word_1_32' title='bbox 1592 867 1646 898; x_wconf 86' lang='lat' dir='ltr'><strong>ac</strong></span> 
     </span>
     <span class='ocr_line' id='line_1_7' title="bbox 236 923 1646 990; baseline 0.004 -21"><span class='ocrx_word' id='word_1_33' title='bbox 236 923 410 970; x_wconf 86' lang='lat' dir='ltr'><strong>foedera</strong></span> <span class='ocrx_word' id='word_1_34' title='bbox 433 940 541 968; x_wconf 91' lang='lat' dir='ltr'><strong>cum</strong></span> <span class='ocrx_word' id='word_1_35' title='bbox 566 939 673 986; x_wconf 85' lang='lat' dir='ltr'><strong>rege</strong></span> <span class='ocrx_word' id='word_1_36' title='bbox 699 927 989 969; x_wconf 81' lang='lat' dir='ltr'><strong>Francorum</strong></span> <span class='ocrx_word' id='word_1_37' title='bbox 1015 925 1224 971; x_wconf 91' lang='lat' dir='ltr'><strong>sororius</strong></span> <span class='ocrx_word' id='word_1_38' title='bbox 1253 943 1365 972; x_wconf 90' lang='lat' dir='ltr'><strong>suus</strong></span> <span class='ocrx_word' id='word_1_39' title='bbox 1391 929 1646 990; x_wconf 86' lang='lat' dir='ltr'><strong>percussis-</strong></span> 
     </span>
     <span class='ocr_line' id='line_1_8' title="bbox 235 1000 1644 1065; baseline 0.003 -19"><span class='ocrx_word' id='word_1_40' title='bbox 235 1010 325 1060; x_wconf 90' lang='lat' dir='ltr'><strong>set,</strong></span> <span class='ocrx_word' id='word_1_41' title='bbox 361 1000 420 1045; x_wconf 86' lang='lat' dir='ltr'><strong>ab</strong></span> <span class='ocrx_word' id='word_1_42' title='bbox 452 1000 688 1063; x_wconf 86' lang='lat' dir='ltr'><strong>armisque</strong></span> <span class='ocrx_word' id='word_1_43' title='bbox 721 1000 968 1046; x_wconf 86' lang='lat' dir='ltr'><strong>discedens</strong></span> <span class='ocrx_word' id='word_1_44' title='bbox 1000 1002 1262 1048; x_wconf 79' lang='lat' dir='ltr'><strong>retorsisset</strong></span> <span class='ocrx_word' id='word_1_45' title='bbox 1293 1004 1510 1065; x_wconf 82' lang='lat' dir='ltr'><strong>vestigia,</strong></span> <span class='ocrx_word' id='word_1_46' title='bbox 1546 1021 1644 1050; x_wconf 90' lang='lat' dir='ltr'><strong>non</strong></span> 
     </span>
     <span class='ocr_line' id='line_1_9' title="bbox 236 1076 1644 1140; baseline 0.003 -17"><span class='ocrx_word' id='word_1_47' title='bbox 236 1078 369 1124; x_wconf 88' lang='lat' dir='ltr'><strong>facile</strong></span> <span class='ocrx_word' id='word_1_48' title='bbox 400 1076 493 1123; x_wconf 85' lang='lat' dir='ltr'><strong>dici</strong></span> <span class='ocrx_word' id='word_1_49' title='bbox 527 1086 680 1140; x_wconf 89' lang='lat' dir='ltr'><strong>potest</strong></span> <span class='ocrx_word' id='word_1_50' title='bbox 710 1088 944 1140; x_wconf 83' lang='lat' dir='ltr'><strong>quantum</strong></span> <span class='ocrx_word' id='word_1_51' title='bbox 973 1077 1084 1124; x_wconf 91' lang='lat' dir='ltr'><strong>inde</strong></span> <span class='ocrx_word' id='word_1_52' title='bbox 1115 1078 1398 1138; x_wconf 80' lang='lat' dir='ltr'><strong>admiratus,</strong></span> <span class='ocrx_word' id='word_1_53' title='bbox 1434 1090 1479 1125; x_wconf 88' lang='lat' dir='ltr'><strong>et</strong></span> <span class='ocrx_word' id='word_1_54' title='bbox 1512 1081 1644 1127; x_wconf 90' lang='lat' dir='ltr'><strong>initio</strong></span> 
     </span>
     <span class='ocr_line' id='line_1_10' title="bbox 235 1153 1642 1216; baseline 0.003 -16"><span class='ocrx_word' id='word_1_55' title='bbox 235 1153 365 1200; x_wconf 88' lang='lat' dir='ltr'><strong>velut</strong></span> <span class='ocrx_word' id='word_1_56' title='bbox 415 1153 774 1216; x_wconf 85' lang='lat' dir='ltr'><strong>quodammodo</strong></span> <span class='ocrx_word' id='word_1_57' title='bbox 822 1156 982 1201; x_wconf 91' lang='lat' dir='ltr'><strong>animo</strong></span> <span class='ocrx_word' id='word_1_58' title='bbox 1028 1164 1355 1201; x_wconf 87' lang='lat' dir='ltr'><strong>consternatus</strong></span> <span class='ocrx_word' id='word_1_59' title='bbox 1401 1158 1642 1204; x_wconf 75' lang='lat' dir='ltr'><strong>exstiterit.</strong></span> 
     </span>
     <span class='ocr_line' id='line_1_11' title="bbox 236 1231 1646 1294; baseline 0.002 -17"><span class='ocrx_word' id='word_1_60' title='bbox 236 1231 411 1294; x_wconf 78' lang='lat' dir='ltr'><strong>Agebat</strong></span> <span class='ocrx_word' id='word_1_61' title='bbox 434 1232 561 1277; x_wconf 89' lang='lat' dir='ltr'><strong>enim</strong></span> <span class='ocrx_word' id='word_1_62' title='bbox 584 1249 693 1277; x_wconf 88' lang='lat' dir='ltr'><strong>cum</strong></span> <span class='ocrx_word' id='word_1_63' title='bbox 712 1232 843 1277; x_wconf 90' lang='lat' dir='ltr'><strong>omni</strong></span> <span class='ocrx_word' id='word_1_64' title='bbox 862 1232 1107 1278; x_wconf 80' lang='lat' dir='ltr'><strong>sedulitate</strong></span> <span class='ocrx_word' id='word_1_65' title='bbox 1129 1242 1174 1278; x_wconf 89' lang='lat' dir='ltr'><strong>et</strong></span> <span class='ocrx_word' id='word_1_66' title='bbox 1193 1232 1435 1294; x_wconf 81' lang='lat' dir='ltr'><strong>diligentia</strong></span> <span class='ocrx_word' id='word_1_67' title='bbox 1459 1250 1646 1280; x_wconf 78' lang='lat' dir='ltr'><strong>exsecu-</strong></span> 
     </span>
     <span class='ocr_line' id='line_1_12' title="bbox 235 1308 1647 1373; baseline 0.002 -19"><span class='ocrx_word' id='word_1_68' title='bbox 235 1309 353 1354; x_wconf 90' lang='lat' dir='ltr'><strong>tioni</strong></span> <span class='ocrx_word' id='word_1_69' title='bbox 385 1308 610 1354; x_wconf 89' lang='lat' dir='ltr'><strong>mandare</strong></span> <span class='ocrx_word' id='word_1_70' title='bbox 639 1325 742 1371; x_wconf 82' lang='lat' dir='ltr'><strong>quae</strong></span> <span class='ocrx_word' id='word_1_71' title='bbox 774 1309 894 1354; x_wconf 89' lang='lat' dir='ltr'><strong>inter</strong></span> <span class='ocrx_word' id='word_1_72' title='bbox 918 1325 965 1354; x_wconf 89' lang='lat' dir='ltr'><strong>se</strong></span> <span class='ocrx_word' id='word_1_73' title='bbox 988 1310 1216 1373; x_wconf 84' lang='lat' dir='ltr'><strong>proximis</strong></span> <span class='ocrx_word' id='word_1_74' title='bbox 1238 1309 1404 1356; x_wconf 85' lang='lat' dir='ltr'><strong>diebus</strong></span> <span class='ocrx_word' id='word_1_75' title='bbox 1428 1310 1647 1357; x_wconf 86' lang='lat' dir='ltr'><strong>condicta</strong></span> 
     </span>
     <span class='ocr_line' id='line_1_13' title="bbox 235 1384 1647 1449; baseline 0.002 -18"><span class='ocrx_word' id='word_1_76' title='bbox 235 1394 565 1447; x_wconf 83' lang='lat' dir='ltr'><strong>conventaque</strong></span> <span class='ocrx_word' id='word_1_77' title='bbox 587 1384 786 1444; x_wconf 86' lang='lat' dir='ltr'><strong>fuerant,</strong></span> <span class='ocrx_word' id='word_1_78' title='bbox 811 1386 1087 1449; x_wconf 81' lang='lat' dir='ltr'><strong>priusquam</strong></span> <span class='ocrx_word' id='word_1_79' title='bbox 1109 1386 1167 1432; x_wconf 82' lang='lat' dir='ltr'><strong>ab</strong></span> <span class='ocrx_word' id='word_1_80' title='bbox 1188 1387 1392 1433; x_wconf 86' lang='lat' dir='ltr'><strong>invicem</strong></span> <span class='ocrx_word' id='word_1_81' title='bbox 1416 1388 1647 1434; x_wconf 88' lang='lat' dir='ltr'><strong>discessis-</strong></span> 
     </span>
     <span class='ocr_line' id='line_1_14' title="bbox 235 1461 1646 1527; baseline 0.004 -21"><span class='ocrx_word' id='word_1_82' title='bbox 235 1472 358 1520; x_wconf 80' lang='lat' dir='ltr'><strong>sent3</strong></span> <span class='ocrx_word' id='word_1_83' title='bbox 388 1461 514 1507; x_wconf 90' lang='lat' dir='ltr'><strong>unde</strong></span> <span class='ocrx_word' id='word_1_84' title='bbox 533 1461 631 1523; x_wconf 87' lang='lat' dir='ltr'><strong>jam</strong></span> <span class='ocrx_word' id='word_1_85' title='bbox 657 1471 841 1525; x_wconf 88' lang='lat' dir='ltr'><strong>partem</strong></span> <span class='ocrx_word' id='word_1_86' title='bbox 864 1479 1055 1508; x_wconf 87' lang='lat' dir='ltr'><strong>suarum</strong></span> <span class='ocrx_word' id='word_1_87' title='bbox 1080 1463 1327 1527; x_wconf 87' lang='lat' dir='ltr'><strong>copiarum</strong></span> <span class='ocrx_word' id='word_1_88' title='bbox 1352 1473 1397 1509; x_wconf 89' lang='lat' dir='ltr'><strong>et</strong></span> <span class='ocrx_word' id='word_1_89' title='bbox 1420 1481 1646 1511; x_wconf 89' lang='lat' dir='ltr'><strong>curruum</strong></span> 
     </span>
     <span class='ocr_line' id='line_1_15' title="bbox 235 1539 1647 1604; baseline 0.004 -20"><span class='ocrx_word' id='word_1_90' title='bbox 235 1539 282 1584; x_wconf 91' lang='lat' dir='ltr'><strong>in</strong></span> <span class='ocrx_word' id='word_1_91' title='bbox 315 1555 480 1601; x_wconf 82' lang='lat' dir='ltr'><strong>agrum</strong></span> <span class='ocrx_word' id='word_1_92' title='bbox 517 1541 793 1584; x_wconf 84' lang='lat' dir='ltr'><strong>Barrensem</strong></span> <span class='ocrx_word' id='word_1_93' title='bbox 828 1540 1138 1603; x_wconf 76' lang='lat' dir='ltr'><strong>praemiserat,</strong></span> <span class='ocrx_word' id='word_1_94' title='bbox 1184 1542 1493 1604; x_wconf 84' lang='lat' dir='ltr'><strong>Campaniam</strong></span> <span class='ocrx_word' id='word_1_95' title='bbox 1535 1542 1647 1589; x_wconf 89' lang='lat' dir='ltr'><strong>sub-</strong></span> 
     </span>
     <span class='ocr_line' id='line_1_16' title="bbox 234 1615 1644 1682; baseline 0.003 -21"><span class='ocrx_word' id='word_1_96' title='bbox 234 1615 367 1674; x_wconf 89' lang='lat' dir='ltr'><strong>inde,</strong></span> <span class='ocrx_word' id='word_1_97' title='bbox 405 1625 453 1661; x_wconf 89' lang='lat' dir='ltr'><strong>ut</strong></span> <span class='ocrx_word' id='word_1_98' title='bbox 485 1616 606 1661; x_wconf 85' lang='lat' dir='ltr'><strong>inter</strong></span> <span class='ocrx_word' id='word_1_99' title='bbox 641 1632 722 1662; x_wconf 89' lang='lat' dir='ltr'><strong>eos</strong></span> <span class='ocrx_word' id='word_1_100' title='bbox 754 1627 1065 1675; x_wconf 82' lang='lat' dir='ltr'><strong>convenerat,</strong></span> <span class='ocrx_word' id='word_1_101' title='bbox 1102 1618 1411 1680; x_wconf 80' lang='lat' dir='ltr'><strong>ingressurus.</strong></span> <span class='ocrx_word' id='word_1_102' title='bbox 1452 1622 1508 1665; x_wconf 90' lang='lat' dir='ltr'><strong>Et</strong></span> <span class='ocrx_word' id='word_1_103' title='bbox 1538 1621 1644 1682; x_wconf 87' lang='lat' dir='ltr'><strong>qui,</strong></span> 
     </span>
     <span class='ocr_line' id='line_1_17' title="bbox 234 1691 1647 1758; baseline 0.004 -21"><span class='ocrx_word' id='word_1_104' title='bbox 234 1691 376 1738; x_wconf 88' lang='lat' dir='ltr'><strong>rebus</strong></span> <span class='ocrx_word' id='word_1_105' title='bbox 415 1693 477 1739; x_wconf 90' lang='lat' dir='ltr'><strong>ita</strong></span> <span class='ocrx_word' id='word_1_106' title='bbox 513 1709 646 1738; x_wconf 88' lang='lat' dir='ltr'><strong>secus</strong></span> <span class='ocrx_word' id='word_1_107' title='bbox 676 1709 730 1738; x_wconf 86' lang='lat' dir='ltr'><strong>ac</strong></span> <span class='ocrx_word' id='word_1_108' title='bbox 762 1704 888 1739; x_wconf 90' lang='lat' dir='ltr'><strong>ratus</strong></span> <span class='ocrx_word' id='word_1_109' title='bbox 915 1693 1063 1740; x_wconf 91' lang='lat' dir='ltr'><strong>fuerat</strong></span> <span class='ocrx_word' id='word_1_110' title='bbox 1087 1694 1510 1758; x_wconf 75' lang='lat' dir='ltr'><strong>percurre1·1tibus²‚</strong></span> <span class='ocrx_word' id='word_1_111' title='bbox 1538 1713 1647 1742; x_wconf 85' lang='lat' dir='ltr'><strong>cum</strong></span> 
     </span>
     <span class='ocr_line' id='line_1_18' title="bbox 235 1770 1646 1835; baseline 0.002 -20"><span class='ocrx_word' id='word_1_112' title='bbox 235 1770 553 1816; x_wconf 85' lang='lat' dir='ltr'><strong>necessarium</strong></span> <span class='ocrx_word' id='word_1_113' title='bbox 591 1771 731 1816; x_wconf 84' lang='lat' dir='ltr'><strong>etiam</strong></span> <span class='ocrx_word' id='word_1_114' title='bbox 765 1770 852 1815; x_wconf 85' lang='lat' dir='ltr'><strong>sibi</strong></span> <span class='ocrx_word' id='word_1_115' title='bbox 887 1770 987 1816; x_wconf 89' lang='lat' dir='ltr'><strong>fore</strong></span> <span class='ocrx_word' id='word_1_116' title='bbox 1022 1771 1241 1830; x_wconf 81' lang='lat' dir='ltr'><strong>videret³,</strong></span> <span class='ocrx_word' id='word_1_117' title='bbox 1282 1789 1362 1835; x_wconf 88' lang='lat' dir='ltr'><strong>spe</strong></span> <span class='ocrx_word' id='word_1_118' title='bbox 1394 1773 1552 1818; x_wconf 82' lang='lat' dir='ltr'><strong>auxilii</strong></span> <span class='ocrx_word' id='word_1_119' title='bbox 1587 1773 1646 1819; x_wconf 85' lang='lat' dir='ltr'><strong>ab</strong></span> 
     </span>
     <span class='ocr_line' id='line_1_19' title="bbox 236 1848 1647 1911; baseline 0.002 -18"><span class='ocrx_word' id='word_1_120' title='bbox 236 1848 398 1910; x_wconf 84' lang='lat' dir='ltr'><strong>Anglia</strong></span> <span class='ocrx_word' id='word_1_121' title='bbox 424 1849 751 1911; x_wconf 86' lang='lat' dir='ltr'><strong>consequendi</strong></span> <span class='ocrx_word' id='word_1_122' title='bbox 778 1849 1028 1907; x_wconf 88' lang='lat' dir='ltr'><strong>destituto,</strong></span> <span class='ocrx_word' id='word_1_123' title='bbox 1061 1866 1089 1895; x_wconf 93' lang='lat' dir='ltr'><strong>a</strong></span> <span class='ocrx_word' id='word_1_124' title='bbox 1114 1859 1275 1911; x_wconf 79' lang='lat' dir='ltr'><strong>treuga</strong></span> <span class='ocrx_word' id='word_1_125' title='bbox 1302 1866 1412 1895; x_wconf 88' lang='lat' dir='ltr'><strong>cum</strong></span> <span class='ocrx_word' id='word_1_126' title='bbox 1442 1853 1647 1896; x_wconf 89' lang='lat' dir='ltr'><strong>Franco-</strong></span> 
     </span>
     <span class='ocr_line' id='line_1_20' title="bbox 236 1925 1642 1990; baseline 0.002 -20"><span class='ocrx_word' id='word_1_127' title='bbox 236 1943 342 1971; x_wconf 90' lang='lat' dir='ltr'><strong>rum</strong></span> <span class='ocrx_word' id='word_1_128' title='bbox 372 1943 477 1988; x_wconf 84' lang='lat' dir='ltr'><strong>rege</strong></span> <span class='ocrx_word' id='word_1_129' title='bbox 509 1942 605 1971; x_wconf 92' lang='lat' dir='ltr'><strong>non</strong></span> <span class='ocrx_word' id='word_1_130' title='bbox 630 1925 826 1985; x_wconf 85' lang='lat' dir='ltr'><strong>secludi,</strong></span> <span class='ocrx_word' id='word_1_131' title='bbox 849 1943 897 1972; x_wconf 91' lang='lat' dir='ltr'><strong>se</strong></span> <span class='ocrx_word' id='word_1_132' title='bbox 922 1926 1180 1989; x_wconf 85' lang='lat' dir='ltr'><strong>prudenter</strong></span> <span class='ocrx_word' id='word_1_133' title='bbox 1198 1942 1251 1972; x_wconf 90' lang='lat' dir='ltr'><strong>ac</strong></span> <span class='ocrx_word' id='word_1_134' title='bbox 1273 1928 1509 1989; x_wconf 83' lang='lat' dir='ltr'><strong>sapienter</strong></span> <span class='ocrx_word' id='word_1_135' title='bbox 1534 1929 1642 1990; x_wconf 83' lang='lat' dir='ltr'><strong>egit,</strong></span> 
     </span>
     <span class='ocr_line' id='line_1_21' title="bbox 238 2002 1646 2067; baseline 0.001 -19"><span class='ocrx_word' id='word_1_136' title='bbox 238 2013 288 2048; x_wconf 91' lang='lat' dir='ltr'><strong>ut</strong></span> <span class='ocrx_word' id='word_1_137' title='bbox 311 2004 484 2049; x_wconf 90' lang='lat' dir='ltr'><strong>scilicet</strong></span> <span class='ocrx_word' id='word_1_138' title='bbox 507 2003 648 2048; x_wconf 86' lang='lat' dir='ltr'><strong>etiam</strong></span> <span class='ocrx_word' id='word_1_139' title='bbox 671 2003 780 2048; x_wconf 84' lang='lat' dir='ltr'><strong>belli</strong></span> <span class='ocrx_word' id='word_1_140' title='bbox 806 2002 1157 2065; x_wconf 85' lang='lat' dir='ltr'><strong>intercapedine</strong></span> <span class='ocrx_word' id='word_1_141' title='bbox 1182 2020 1290 2048; x_wconf 87' lang='lat' dir='ltr'><strong>cum</strong></span> <span class='ocrx_word' id='word_1_142' title='bbox 1319 2005 1422 2067; x_wconf 89' lang='lat' dir='ltr'><strong>ipso</strong></span> <span class='ocrx_word' id='word_1_143' title='bbox 1447 2007 1646 2050; x_wconf 87' lang='lat' dir='ltr'><strong>Franco-</strong></span> 
     </span>
     <span class='ocr_line' id='line_1_22' title="bbox 237 2079 1642 2142; baseline 0.002 -19"><span class='ocrx_word' id='word_1_144' title='bbox 237 2096 342 2124; x_wconf 89' lang='lat' dir='ltr'><strong>rum</strong></span> <span class='ocrx_word' id='word_1_145' title='bbox 368 2096 476 2142; x_wconf 86' lang='lat' dir='ltr'><strong>rege</strong></span> <span class='ocrx_word' id='word_1_146' title='bbox 517 2080 764 2142; x_wconf 88' lang='lat' dir='ltr'><strong>potiretur.</strong></span> <span class='ocrx_word' id='word_1_147' title='bbox 798 2082 912 2135; x_wconf 72' lang='lat' dir='ltr'><strong>Quae</strong></span> <span class='ocrx_word' id='word_1_148' title='bbox 941 2096 1037 2124; x_wconf 88' lang='lat' dir='ltr'><strong>nou</strong></span> <span class='ocrx_word' id='word_1_149' title='bbox 1064 2079 1210 2124; x_wconf 89' lang='lat' dir='ltr'><strong>modo</strong></span> <span class='ocrx_word' id='word_1_150' title='bbox 1241 2079 1329 2124; x_wconf 88' lang='lat' dir='ltr'><strong>sibi</strong></span> <span class='ocrx_word' id='word_1_151' title='bbox 1359 2082 1642 2139; x_wconf 83' lang='lat' dir='ltr'><strong>necessaria,</strong></span> 
     </span>
     <span class='ocr_line' id='line_1_23' title="bbox 237 2155 1317 2202; baseline 0.003 -3"><span class='ocrx_word' id='word_1_152' title='bbox 237 2171 401 2200; x_wconf 64' lang='lat' dir='ltr'><strong>verum</strong></span> <span class='ocrx_word' id='word_1_153' title='bbox 425 2157 567 2202; x_wconf 85' lang='lat' dir='ltr'><strong>etiam</strong></span> <span class='ocrx_word' id='word_1_154' title='bbox 594 2156 716 2201; x_wconf 88' lang='lat' dir='ltr'><strong>utilis</strong></span> <span class='ocrx_word' id='word_1_155' title='bbox 739 2172 836 2200; x_wconf 89' lang='lat' dir='ltr'><strong>non</strong></span> <span class='ocrx_word' id='word_1_156' title='bbox 865 2155 1107 2200; x_wconf 87' lang='lat' dir='ltr'><strong>modicum</strong></span> <span class='ocrx_word' id='word_1_157' title='bbox 1131 2157 1317 2202; x_wconf 77' lang='lat' dir='ltr'><strong>exstitit.</strong></span> 
     </span>
    </p>

    <p class='ocr_par' dir='ltr' id='par_1_5' title="bbox 237 2231 1646 2451">
     <span class='ocr_line' id='line_1_24' title="bbox 301 2231 1646 2297; baseline 0.002 -21"><span class='ocrx_word' id='word_1_158' title='bbox 301 2234 420 2277; x_wconf 87' lang='lat' dir='ltr'><strong>Cum</strong></span> <span class='ocrx_word' id='word_1_159' title='bbox 449 2234 603 2289; x_wconf 83' lang='lat' dir='ltr'><strong>enim,</strong></span> <span class='ocrx_word' id='word_1_160' title='bbox 639 2231 1000 2277; x_wconf 85' lang='lat' dir='ltr'><strong>decurrentibus</strong></span> <span class='ocrx_word' id='word_1_161' title='bbox 1032 2234 1202 2295; x_wconf 80' lang='lat' dir='ltr'><strong>treugis</strong></span> <span class='ocrx_word' id='word_1_162' title='bbox 1231 2233 1462 2297; x_wconf 80' lang='lat' dir='ltr'><strong>praedictis</strong></span> <span class='ocrx_word' id='word_1_163' title='bbox 1482 2271 1493 2293; x_wconf 87' lang='lat'><strong>,</strong></span> <span class='ocrx_word' id='word_1_164' title='bbox 1529 2251 1646 2296; x_wconf 82' lang='lat' dir='ltr'><strong>quas</strong></span> 
     </span>
     <span class='ocr_line' id='line_1_25' title="bbox 237 2309 1641 2373; baseline 0.003 -20"><span class='ocrx_word' id='word_1_165' title='bbox 237 2309 359 2354; x_wconf 87' lang='lat' dir='ltr'><strong>inter</strong></span> <span class='ocrx_word' id='word_1_166' title='bbox 379 2326 456 2367; x_wconf 92' lang='lat' dir='ltr'><strong>se,</strong></span> <span class='ocrx_word' id='word_1_167' title='bbox 485 2319 535 2355; x_wconf 90' lang='lat' dir='ltr'><strong>ut</strong></span> <span class='ocrx_word' id='word_1_168' title='bbox 558 2310 762 2355; x_wconf 78' lang='lat' dir='ltr'><strong>diximus</strong></span> <span class='ocrx_word' id='word_1_169' title='bbox 779 2345 790 2367; x_wconf 90' lang='lat'><strong>,</strong></span> <span class='ocrx_word' id='word_1_170' title='bbox 822 2309 1097 2372; x_wconf 82' lang='lat' dir='ltr'><strong>pepigerant</strong></span> <span class='ocrx_word' id='word_1_171' title='bbox 1128 2327 1259 2373; x_wconf 86' lang='lat' dir='ltr'><strong>reges</strong></span> <span class='ocrx_word' id='word_1_172' title='bbox 1280 2348 1290 2371; x_wconf 88' lang='lat'><strong>,</strong></span> <span class='ocrx_word' id='word_1_173' title='bbox 1327 2327 1414 2357; x_wconf 90' lang='lat' dir='ltr'><strong>nec</strong></span> <span class='ocrx_word' id='word_1_174' title='bbox 1442 2312 1608 2357; x_wconf 81' lang='lat' dir='ltr'><strong>solatia</strong></span> <span class='ocrx_word' id='word_1_175' title='bbox 1631 2349 1641 2370; x_wconf 90' lang='lat'><strong><em>‚</em></strong></span> 
     </span>
     <span class='ocr_line' id='line_1_26' title="bbox 238 2385 1646 2451; baseline 0.003 -21"><span class='ocrx_word' id='word_1_176' title='bbox 238 2402 324 2431; x_wconf 89' lang='lat' dir='ltr'><strong>nec</strong></span> <span class='ocrx_word' id='word_1_177' title='bbox 340 2386 508 2432; x_wconf 84' lang='lat' dir='ltr'><strong>auxilia</strong></span> <span class='ocrx_word' id='word_1_178' title='bbox 531 2386 590 2432; x_wconf 89' lang='lat' dir='ltr'><strong>ab</strong></span> <span class='ocrx_word' id='word_1_179' title='bbox 622 2385 880 2448; x_wconf 80' lang='lat' dir='ltr'><strong>Anglorum</strong></span> <span class='ocrx_word' id='word_1_180' title='bbox 898 2402 1004 2448; x_wconf 84' lang='lat' dir='ltr'><strong>rege</strong></span> <span class='ocrx_word' id='word_1_181' title='bbox 1035 2386 1349 2451; x_wconf 83' lang='lat' dir='ltr'><strong>obtinuisset(</strong></span> <span class='ocrx_word' id='word_1_182' title='bbox 1371 2388 1505 2450; x_wconf 87' lang='lat' dir='ltr'><strong>cujus</strong></span> <span class='ocrx_word' id='word_1_183' title='bbox 1527 2387 1646 2434; x_wconf 89' lang='lat' dir='ltr'><strong>sub-</strong></span> 
     </span>
    </p>
   </div>
   <div class='ocr_carea' id='block_1_5' title="bbox 239 2538 1646 2754">
    <p class='ocr_par' dir='ltr' id='par_1_6' title="bbox 290 2538 805 2588">
     <span class='ocr_line' id='line_1_27' title="bbox 290 2538 805 2588; baseline 0.002 -12"><span class='ocrx_word' id='word_1_184' title='bbox 290 2542 327 2577; x_wconf 78' lang='lat'><strong>1.</strong></span> <span class='ocrx_word' id='word_1_185' title='bbox 359 2542 541 2588; x_wconf 65' lang='lat' dir='ltr'><strong>Pet-rupte</strong></span> <span class='ocrx_word' id='word_1_186' title='bbox 563 2538 656 2576; x_wconf 89' lang='lat' dir='ltr'><strong>dans</strong></span> <span class='ocrx_word' id='word_1_187' title='bbox 678 2539 714 2576; x_wconf 88' lang='lat' dir='ltr'><strong>le</strong></span> <span class='ocrx_word' id='word_1_188' title='bbox 734 2552 805 2577; x_wconf 91' lang='lat' dir='ltr'><strong>ms.</strong></span> 
     </span>
    </p>

    <p class='ocr_par' dir='ltr' id='par_1_7' title="bbox 290 2598 924 2636">
     <span class='ocr_line' id='line_1_28' title="bbox 290 2598 924 2636; baseline 0.002 -2"><span class='ocrx_word' id='word_1_189' title='bbox 290 2601 328 2634; x_wconf 75' lang='lat'><strong>2.</strong></span> <span class='ocrx_word' id='word_1_190' title='bbox 359 2598 668 2636; x_wconf 73' lang='lat' dir='ltr'><strong>Praecurrentc&#39;bus</strong></span> <span class='ocrx_word' id='word_1_191' title='bbox 687 2598 779 2635; x_wconf 89' lang='lat' dir='ltr'><strong>dans</strong></span> <span class='ocrx_word' id='word_1_192' title='bbox 799 2599 834 2635; x_wconf 86' lang='lat' dir='ltr'><strong>le</strong></span> <span class='ocrx_word' id='word_1_193' title='bbox 854 2611 924 2636; x_wconf 81' lang='lat' dir='ltr'><strong>mS.</strong></span> 
     </span>
    </p>

    <p class='ocr_par' dir='ltr' id='par_1_8' title="bbox 239 2656 1646 2754">
     <span class='ocr_line' id='line_1_29' title="bbox 293 2656 1646 2709; baseline 0.001 -15"><span class='ocrx_word' id='word_1_194' title='bbox 293 2659 328 2694; x_wconf 83' lang='lat'><strong>3.</strong></span> <span class='ocrx_word' id='word_1_195' title='bbox 362 2657 392 2694; x_wconf 94' lang='lat' dir='ltr'><strong>Il</strong></span> <span class='ocrx_word' id='word_1_196' title='bbox 412 2670 574 2706; x_wconf 87' lang='lat' dir='ltr'><strong>manque</strong></span> <span class='ocrx_word' id='word_1_197' title='bbox 598 2657 762 2706; x_wconf 88' lang='lat' dir='ltr'><strong>quelque</strong></span> <span class='ocrx_word' id='word_1_198' title='bbox 782 2657 897 2694; x_wconf 89' lang='lat' dir='ltr'><strong>chose</strong></span> <span class='ocrx_word' id='word_1_199' title='bbox 917 2656 1010 2695; x_wconf 84' lang='lat' dir='ltr'><strong>dans</strong></span> <span class='ocrx_word' id='word_1_200' title='bbox 1034 2658 1069 2696; x_wconf 84' lang='lat' dir='ltr'><strong>la</strong></span> <span class='ocrx_word' id='word_1_201' title='bbox 1089 2658 1227 2709; x_wconf 77' lang='lat' dir='ltr'><strong>phrase</strong></span> <span class='ocrx_word' id='word_1_202' title='bbox 1247 2672 1346 2709; x_wconf 86' lang='lat' dir='ltr'><strong>pour</strong></span> <span class='ocrx_word' id='word_1_203' title='bbox 1370 2658 1579 2709; x_wconf 63' lang='lat' dir='ltr'><strong>comple-ter</strong></span> <span class='ocrx_word' id='word_1_204' title='bbox 1603 2673 1646 2695; x_wconf 74' lang='lat' dir='ltr'><strong>ce</strong></span> 
     </span>
     <span class='ocr_line' id='line_1_30' title="bbox 239 2715 983 2754; baseline 0.003 -2"><span class='ocrx_word' id='word_1_205' title='bbox 239 2715 409 2753; x_wconf 81' lang='lat' dir='ltr'><strong>membre</strong></span> <span class='ocrx_word' id='word_1_206' title='bbox 430 2724 466 2752; x_wconf 84' lang='lat' dir='ltr'><strong>et</strong></span> <span class='ocrx_word' id='word_1_207' title='bbox 487 2716 520 2752; x_wconf 87' lang='lat' dir='ltr'><strong>le</strong></span> <span class='ocrx_word' id='word_1_208' title='bbox 541 2716 731 2754; x_wconf 84' lang='lat' dir='ltr'><strong>rattacher</strong></span> <span class='ocrx_word' id='word_1_209' title='bbox 753 2730 801 2754; x_wconf 89' lang='lat' dir='ltr'><strong>au</strong></span> <span class='ocrx_word' id='word_1_210' title='bbox 820 2717 983 2754; x_wconf 85' lang='lat' dir='ltr'><strong>suivant.</strong></span> 
     </span>
    </p>
   </div>
  </div>
 </body>
</html>
