1923 3020
736 285 879 322 LIBER
905 284 1169 321 SECUNDUS.
1581 282 1654 317 103

255 375 387 421 ducis
423 372 805 428 Aurelianensis¹‚
840 382 885 418 et
915 387 999 436 per
1030 371 1124 417 hoc
1156 370 1296 417 etiam
1331 384 1480 433 nepos
1515 368 1653 414 suus²

255 453 516 509 exsisteret,
544 450 681 497 simul
708 450 848 496 etiam
873 449 982 512 quia
1002 465 1114 494 suus
1134 447 1298 494 frater³
1318 462 1427 493 eum
1450 445 1650 491 maxime

256 527 448 588 diligere
474 527 739 584 videbatur,
765 526 895 589 quod
915 524 1044 589 apud
1067 534 1319 586 utrumque
1342 532 1498 586 posset
1519 521 1647 585 quod

254 603 392 649 vellet
425 603 556 648 facile
591 602 833 667 perficere.
864 607 1061 661 Tamen,
1097 617 1157 647 an
1189 602 1251 647 ita
1284 600 1422 646 fuerit
1453 616 1533 646 rex
1564 598 1653 645 sibi

255 680 593 741 comminatus,
621 691 917 744 compertum
943 696 1040 725 non
1064 679 1171 724 satis
1194 678 1463 724 habemus&

320 760 423 820 Ipse
449 757 603 820 itaque
629 774 808 815 comes,
831 758 959 819 jussu
983 756 1134 818 regiO,
1161 771 1244 818 per
1270 754 1457 800 alveum
1481 753 1654 815 Ligeris

254 835 302 880 in
332 835 621 880 Britanniam
651 834 913 892 descendit3
949 833 1030 879 sed
1063 831 1269 877 mediam
1292 830 1485 893 quidem
1510 829 1653 893 profi-

255 912 433 957 ciscens
451 912 731 973 legationem
751 912 873 970 fecit,
894 910 951 957 de
969 927 1055 956 suo
1073 918 1230 954 autem
1247 908 1399 953 reditu
1417 906 1478 953 ad
1498 923 1655 970 regem

255 988 450 1034 minime
482 989 717 1052 cogitavit.
756 988 848 1034 Sed
877 1004 985 1033 cum
1014 995 1115 1031 tuto
1142 1001 1189 1030 se
1217 984 1528 1030 constitutum
1553 1000 1654 1029 cer-

256 1075 387 1112 neret
423 1082 532 1112 cum
569 1076 699 1129 parte
735 1065 862 1111 bona
898 1080 990 1110 suae
1024 1061 1343 1126 supellectilis,
1380 1060 1474 1106 illic
1508 1076 1652 1123 quam

254 1144 311 1189 ad
346 1159 503 1206 regem
533 1144 701 1189 reverti
729 1143 891 1188 maluit
921 1140 1170 1187 consistere
1198 1149 1244 1185 et
1272 1139 1523 1198 remorari,
1557 1125 1654 1200 regi

255 1222 540 1268 denuntians
572 1222 703 1283 quod
735 1238 782 1266 se
815 1220 1008 1266 minime
1038 1228 1149 1263 tunc
1182 1216 1242 1263 ad
1273 1233 1320 1262 se
1352 1232 1653 1261 reversurum

255 1308 560 1363 exspectaret.
589 1302 708 1343 Cum
740 1307 896 1342 autem
924 1296 1016 1341 illic
1046 1304 1184 1354 esset,
1223 1308 1515 1354 cognoscens
1544 1292 1651 1337 satis

254 1385 299 1420 et
327 1384 596 1438 perspectos
629 1373 809 1419 habens
841 1372 960 1433 regis
993 1380 1090 1416 tam
1122 1369 1329 1415 inciviles
1357 1384 1500 1431 quam
1534 1383 1653 1430 quo-

256 1451 513 1497 dammodo
538 1450 763 1497 barbaros
785 1459 830 1494 et
854 1448 1139 1494 inhumanos
1165 1461 1321 1491 mores
1344 1454 1390 1491 et
1412 1444 1648 1502 animum,

254 1529 315 1575 ad
352 1528 685 1574 inveniendam
718 1528 866 1586 viam,
903 1542 996 1589 qua
1033 1524 1252 1570 indomiti
1287 1533 1333 1569 et
1367 1522 1648 1581 voluntarii,

258 1606 413 1668 potius
439 1622 581 1668 quam
611 1604 757 1650 innixi
788 1603 993 1662 ratione,
1023 1617 1178 1647 mores
1203 1600 1349 1664 ipsius
1373 1599 1585 1645 edomari
1608 1607 1654 1644 et

255 1682 484 1728 civiliores
508 1692 647 1744 atque
674 1681 947 1726 urbaniores
968 1678 1126 1738 reddi,
1155 1687 1202 1723 et
1229 1676 1492 1740 respublica
1521 1675 1653 1736 regni

256 1759 386 1822 (quae
424 1769 520 1805 tota
558 1775 691 1822 paene
724 1758 926 1820 dilapsa,
966 1757 1063 1801 imo
1099 1764 1223 1800 certe
1256 1754 1413 1799 verius
1443 1752 1573 1798 nulla
1609 1761 1655 1798 et

255 1837 477 1882 exstincta
500 1836 625 1897 erat)
650 1836 697 1881 in
718 1843 887 1880 statum
909 1832 1154 1878 meliorem
1172 1830 1421 1877 instaurari
1440 1838 1649 1892 possent,

254 1929 364 1959 cum
393 1913 492 1959 aliis
527 1914 656 1974 regni
691 1910 1005 1975 principibus,
1042 1919 1093 1955 ut
1123 1925 1204 1956 eos
1234 1909 1281 1953 in
1317 1922 1462 1953 unam
1494 1922 1655 1952 secum

254 1992 535 2037 sententiam
558 1989 828 2046 adduceret,
855 1988 1064 2033 animum
1086 1985 1311 2044 intendit,
1330 1994 1375 2030 et
1395 1999 1479 2047 per
1502 1983 1656 2029 varios

255 2070 466 2129 nuntios,
487 2079 531 2115 et
550 2067 768 2132 epistolas
781 2066 840 2112 ad
857 2065 1063 2129 singulos
1083 2065 1261 2122 missas,
1282 2063 1510 2127 practicas
1528 2062 1649 2107 fecit.

255 2147 349 2202 Qui
370 2163 479 2192 cum
501 2162 681 2202 omneS,
703 2144 880 2201 litteris,
901 2142 1056 2206 sigillis
1072 2151 1117 2188 et
1137 2139 1438 2188 sacramentis
1452 2139 1654 2185 invicem

258 2223 436 2269 traditis
468 2240 520 2269 ac
553 2222 785 2286 praestitis,
813 2220 1069 2266 arctissime
1098 2228 1264 2264 mutuo
1288 2234 1387 2264 sese
1413 2217 1654 2262 devinxis-

257 2310 383 2359 sent,
411 2300 500 2346 sul)
525 2300 717 2344 nominc
741 2297 927 2342 illustris
950 2296 1125 2360 praefati
1145 2295 1326 2341 domini
1346 2293 1521 2354 Caroli,
1551 2310 1655 2339 om-

260 2393 341 2423 nes
362 2376 448 2423 sibi
472 2376 683 2422 subditos
703 2374 762 2420 ad
781 2390 912 2420 arma
929 2381 1254 2420 convocarunt
1274 2382 1320 2418 et
1338 2372 1652 2418 concitarunt.

312 2532 348 2568 1.
381 2531 454 2566 Par
473 2542 512 2566 sa
535 2529 664 2574 mere,
689 2527 918 2578 Marguerite
940 2525 1152 2564 d’orle'ans.

312 2590 350 2628 2.
382 2591 435 2625 Le
454 2596 576 2624 comte
597 2586 643 2624 dc
662 2587 809 2624 Duuois
826 2587 928 2624 etant
947 2586 1047 2624 frere
1065 2586 1214 2624 naturel
1235 2585 1281 2622 de
1304 2585 1547 2635 Marguerite.

313 2651 349 2686 3.
382 2650 434 2684 Le
452 2647 553 2684 frere
574 2646 625 2683 du
645 2646 715 2684 roi.

312 2709 350 2746 4.
382 2710 562 2744 L'auteur
581 2706 723 2743 n'avait
744 2719 810 2756 pas
826 2705 895 2742 mis
918 2714 1014 2742 cette
1033 2706 1185 2742 reserve
1206 2707 1227 2742 a
1248 2705 1284 2742 la
1302 2703 1490 2755 premiisre
1509 2701 1660 2739 version

260 2766 351 2816 qu'il
372 2778 394 2803 a
415 2765 562 2803 donnee
582 2764 634 2801 du
654 2767 775 2802 menie
796 2764 874 2803 sait.
897 2764 1114 2812 Ci-dessus,
1140 2778 1177 2815 p.
1201 2766 1264 2802 99.

471 2857 501 2879 11
1434 2839 1451 2854 *
