1923 3020
744 266 888 300 LIBER
914 264 1109 299 PRIMUS.
1573 264 1622 298 29

231 349 427 396 dionum
452 351 562 409 dux,
588 350 773 413 qualem
802 352 847 396 in
874 351 1115 397 referenda
1138 351 1279 412 gratia
1305 367 1413 396 eum
1434 349 1622 396 habitu-

231 443 307 472 rus
330 437 462 486 esset,
486 429 594 473 satis
618 428 794 490 liquide
817 427 1142 490 deprehendit.
1182 427 1463 471 promiserat
1498 426 1622 471 enim

232 511 400 564 Sponte
422 520 520 561 sua,
549 520 688 566 super
713 503 804 548 hoc
827 519 853 548 a
872 504 1058 548 nemine
1078 519 1267 565 prorsus
1287 502 1536 564 requisitus
1552 502 1623 547 vel

231 587 436 638 rogatus,
463 579 707 625 humiliare
732 580 1009 624 Leodienses
1032 579 1248 641 populos,
1277 579 1357 639 qui
1376 577 1486 639 olim
1507 577 1626 622 Ebu·

232 669 370 698 rones
412 654 710 711 dicebantur,
747 656 988 716 facereque
1024 671 1104 699 eos
1143 654 1372 699 voluntati
1418 654 1624 715 ejusdem

231 729 378 787 ducis,
406 732 482 775 cui
505 747 584 775 eos
608 732 828 777 noscebat
852 731 1005 776 hostes
1038 731 1381 782 infestissimos,
1413 748 1511 776 esse
1544 747 1624 793 pa-

232 817 384 852 rentes
422 817 558 869 atque
590 807 876 853 obedientes.
919 808 1063 868 Hujus
1087 809 1301 869 promissi
1328 809 1451 852 velut
1473 808 1627 852 exsol-

231 884 370 928 vendi
400 885 563 946 gratia,
591 886 743 929 statim
771 895 818 929 ut
840 884 898 929 de
933 882 1063 927 obitu
1102 885 1242 945 patris
1273 886 1444 929 certior
1480 884 1626 929 factus

232 961 333 1019 fuit,
350 961 595 1008 destinavit
616 963 891 1023 quingentas
905 961 1087 1005 lanceas
1103 976 1255 1022 parvae
1267 961 1438 1006 militiae
1453 965 1459 984 ¹
1479 978 1624 1024 prope

231 1035 345 1081 fines
369 1037 578 1100 ipsorum
604 1038 947 1092 Leodiensium,
975 1036 1143 1096 quaein
1165 1036 1342 1098 oppido
1368 1038 1596 1080 Mazieres
1614 1039 1626 1058 ²

230 1111 421 1174 aliisque
457 1113 652 1158 castellis
687 1113 848 1157 vicinis
884 1112 942 1157 ad
975 1112 1097 1174 ripas
1127 1114 1264 1156 Mosae
1302 1111 1465 1156 locatae
1496 1122 1621 1157 sunt.

231 1188 370 1244 Quod
407 1206 514 1234 cum
550 1190 634 1252 ipsi
677 1189 954 1234 Leodienses
988 1188 1228 1245 viderent,
1268 1198 1530 1234 metuentes
1566 1206 1624 1233 ne

230 1266 388 1328 patriae
424 1275 467 1310 et
491 1266 668 1329 populo
704 1267 796 1311 suis
831 1265 1002 1310 damna
1037 1274 1081 1310 et
1102 1265 1292 1326 jacturae
1316 1265 1620 1318 inferrentur,

229 1344 382 1388 statim
414 1343 588 1405 legatos
623 1343 681 1388 ad
706 1359 863 1405 regem
895 1343 1146 1398 miserunt,
1175 1343 1222 1386 in
1247 1343 1371 1403 regia
1395 1358 1477 1388 sua
1508 1343 1624 1388 urbe

230 1421 473 1465 parisiensi
511 1420 665 1465 adhuc
703 1420 1051 1465 consistentem.
1086 1422 1215 1475 Quos
1246 1429 1294 1464 ut
1329 1436 1407 1463 rex
1446 1420 1624 1466 audivit

228 1498 478 1543 amicitiam
505 1498 602 1559 ejus
624 1497 889 1559 foederaque
911 1496 1255 1560 expostulantes
1279 1512 1382 1558 quae
1400 1513 1508 1541 cum
1527 1498 1624 1557 ejus

227 1584 357 1636 patre
381 1575 728 1637 percussissent,
756 1582 932 1619 mutato
956 1574 1109 1619 statim
1135 1574 1382 1636 proposito
1401 1609 1411 1629 ,
1451 1573 1622 1619 foedera

227 1664 334 1691 cum
354 1649 418 1692 eis
441 1658 483 1693 et
508 1648 730 1693 amicitias
757 1648 871 1694 iniit.
902 1647 1292 1708 Burgundionum
1318 1647 1455 1704 duce,
1480 1648 1526 1692 in
1548 1665 1625 1693 cu-

223 1723 297 1784 jus
320 1724 417 1769 haec
442 1724 758 1787 praejudicimn
783 1724 1100 1782 initiabantur,
1133 1725 1327 1769 minime
1350 1735 1516 1769 vocato
1540 1741 1622 1770 seu

226 1810 473 1861 praesente,
498 1800 604 1845 licet
627 1801 670 1844 in
697 1800 860 1845 eadem
898 1800 1036 1858 urbe,
1072 1800 1131 1846 ad
1165 1817 1307 1863 quam
1326 1837 1337 1857 ,
1366 1800 1623 1846 comitandi

226 1875 586 1937 honorandique
611 1884 655 1920 et
672 1875 1027 1937 quodammodo
1054 1876 1180 1921 velut
1204 1877 1251 1920 in
1280 1877 1623 1938 possessionem

228 1951 441 1997 mittendi
467 1952 578 1996 novi
602 1952 735 2014 regis,
760 1953 921 2013 gratia,
949 1953 1239 2009 adventarat,
1266 1952 1420 1998 adhuc
1443 1954 1623 1998 exsiste-

228 2037 311 2072 ret.
344 2031 398 2073 Et
425 2029 488 2073 ita
513 2044 620 2072 curn
650 2028 952 2074 infestissimis
983 2029 1191 2090 ejusdem
1221 2029 1352 2074 ducis
1385 2029 1620 2086 hostibus,

227 2120 346 2164 quos
371 2104 510 2166 paulo
530 2114 635 2149 ante
660 2105 705 2148 in
743 2105 839 2165 ejus
859 2106 1053 2167 gratiam
1084 2105 1154 2150 vel
1183 2106 1519 2163 exterminare,
1552 2106 1620 2150 vel

226 2179 283 2224 ad
310 2180 452 2242 ipsius
484 2190 650 2224 nutum
670 2189 713 2224 et.
737 2180 1027 2226 voluntatem
1060 2181 1305 2226 humiliare
1328 2180 1622 2226 obedientes-

226 2274 316 2318 que
337 2257 531 2302 reddere
558 2257 678 2301 ultro
695 2258 987 2318 promiserat,
1010 2258 1112 2320 ip.-·.o
1134 2258 1318 2319 penitus
1335 2258 1619 2315 inconsulto,

226 2334 436 2393 ligantias
466 2343 603 2395 atque
633 2333 855 2377 amicitias
880 2332 1133 2395 copulavit.
1168 2336 1294 2389 Quas
1316 2335 1525 2396 profecto
1562 2335 1622 2379 ita

228 2408 325 2453 fieri
349 2410 583 2470 aegerrime
603 2424 654 2453 ac
678 2408 1078 2470 displicentissime
1100 2409 1219 2466 tulit,
1251 2409 1461 2472 plurimis
1482 2411 1620 2455 etiam

228 2485 360 2530 valde
383 2502 522 2548 super
542 2484 632 2529 hoc
655 2484 995 2529 admirantibus
1020 2484 1078 2530 de
1103 2495 1197 2530 tani
1214 2485 1367 2531 subita
1392 2496 1437 2532 et
1460 2485 1620 2549 praeci-

282 2682 316 2715 1.
352 2696 366 2710 α
386 2679 478 2727 Cinq
498 2686 601 2715 cents
623 2678 745 2715 lances
766 2678 811 2715 de
832 2679 866 2715 la
886 2680 999 2728 petite
1019 2680 1274 2717 ordonnance.
1300 2697 1314 2711 υ

282 2742 318 2778 2.
353 2740 528 2776 Mezieres
550 2752 595 2775 en
615 2738 806 2778 Ardenne.
