1923 3020
238 219 311 253 300
600 213 933 249 HISTORIARUM
965 212 1197 246 LL'DOVICI
1228 212 1280 245 XI

235 302 613 357 conestabularii,
643 301 932 362 imputarent
956 297 1085 360 quod
1112 314 1208 342 non
1233 297 1371 344 fuerit
1396 313 1502 341 cum
1533 301 1641 342 Bur-

236 378 555 443 gundionibus
581 376 872 421 dimicatum.
914 374 1055 430 Quod
1082 385 1263 418 certum
1292 373 1494 418 multum
1521 373 1640 417 veri-

235 457 383 501 simile
418 464 508 511 cst3
547 453 654 514 quia
683 453 806 497 idem
832 468 992 496 comes
1017 450 1140 496 ultro
1177 451 1390 511 citroque
1426 449 1643 512 proditor

236 533 462 596 pessimus
497 540 617 585 erat,
656 528 1065 592 quemadmodum
1101 527 1286 590 plenius
1323 527 1369 571 in
1405 526 1641 588 sequenti-

235 611 320 655 bus
347 607 611 671 apparebit.

299 689 417 731 Cum
456 694 613 730 autem
643 699 792 747 prope
824 682 1172 743 Rotliomagum
1204 697 1290 745 per
1326 690 1531 743 quatuor
1563 690 1644 725 aut

234 767 446 829 quinque
484 765 583 809 dies
621 773 773 809 castra
798 773 996 809 metatus
1038 762 1222 817 suisset,
1250 778 1334 824 per
1358 761 1495 806 aliam
1521 761 1644 805 viam

235 844 292 889 ad
320 843 436 888 fines
465 859 575 887 suos
598 850 862 896 revertens,
893 841 1119 896 similiter,
1156 841 1221 885 uti
1249 841 1293 884 in
1321 839 1556 884 veniendo
1582 838 1640 883 se·

235 930 382 977 cerat,
420 919 551 965 villas
588 935 754 963 omnes
795 918 1027 976 vastabat3
1068 917 1484 981 percursamlomte
1511 933 1646 977 agros

237 997 539 1043 Belvacenses
568 1006 608 1041 et
639 995 1037 1040 Viromandenses
1061 1012 1114 1039 ac
1152 995 1514 1038 Novion‘ienses'
1535 1029 1545 1049 ‚
1573 1009 1648 1037 us·

237 1090 329 1137 que
373 1073 432 1120 ad
474 1073 649 1117 flumen
697 1075 853 1129 Isarae,
888 1072 1046 1115 onmia
1090 1069 1366 1133 populando
1412 1068 1644 1124 lustravit,

240 1152 506 1211 multasque
544 1166 672 1195 arces
708 1158 750 1193 et
786 1147 998 1204 castella,
1038 1147 1084 1192 in
1125 1146 1298 1208 quibus
1336 1145 1490 1189 minus
1517 1155 1645 1190 erant

239 1228 522 1274 sufficientes
550 1226 862 1282 munitiones,
890 1224 962 1269 vel
990 1225 1058 1281 vi,
1086 1224 1157 1269 vel
1186 1222 1426 1268 deditione
1452 1222 1644 1285 recepit.

240 1310 331 1351 Nec
366 1322 391 1351 a
421 1305 496 1350 tali
523 1302 856 1367 pervagatione
880 1311 923 1346 et
945 1300 1255 1364 populatione
1285 1316 1369 1362 per
1404 1308 1548 1343 terras
1580 1315 1650 1343 re-

239 1383 326 1443 gis,
378 1392 733 1442 castrorumque
783 1378 955 1440 ubique
988 1377 1398 1422 circumductione
1435 1375 1646 1434 cessavit,

239 1458 394 1503 donec
430 1456 710 1502 adveniente
739 1464 785 1499 et
821 1455 1020 1498 instante
1053 1452 1236 1509 hieme,
1273 1452 1393 1496 inter
1428 1468 1583 1513 regem
1608 1461 1650 1496 et

240 1535 393 1597 ipsum
422 1535 616 1588 iterum,
653 1530 741 1576 sul)
780 1548 862 1594 spe
897 1528 1257 1575 reconciliandae
1292 1529 1440 1591 paciS‚
1481 1537 1651 1589 treugae

242 1622 387 1675 captae
411 1621 451 1655 ct
480 1609 671 1655 firmatae
694 1618 874 1662 essent,
902 1608 1137 1653 duratura}
1170 1623 1253 1669 per
1270 1606 1476 1651 hiemem
1503 1622 1651 1667 usque

241 1689 299 1734 ad
327 1688 545 1733 calendas
575 1686 681 1731 maii
700 1688 728 1730 ².
755 1688 870 1742 Quae
896 1684 1203 1748 postmodum
1230 1683 1368 1728 etiam
1397 1682 1566 1728 exinde
1591 1682 1648 1729 ad

244 1780 422 1809 annum
446 1763 681 1823 integrum
710 1769 970 1823 prorogatae
994 1759 1199 1804 fuerunt.

723 1952 1061 1997 CAPITULUM
1108 1952 1186 1993 ΙΙΙ.

434 2073 481 2104 De
499 2071 588 2104 dolis
607 2070 743 2103 comitis
760 2068 947 2102 Arminiaci
977 2067 1149 2113 ipsiusque
1171 2066 1262 2099 caede
1284 2075 1315 2099 et
1333 2065 1476 2098 civitatis

678 2135 746 2155 suae
765 2122 980 2154 Lectorensis
996 2120 1219 2153 crematione.

312 2240 432 2283 Licet
458 2247 612 2282 autem
631 2235 903 2298 hujusmodi
924 2245 1095 2296 treuga!
1114 2233 1328 2278 nonnihil
1348 2231 1658 2277 commodita-

246 2318 302 2361 tis
333 2315 418 2360 sibi
443 2315 738 2377 importarint
756 2351 766 2369 ,
789 2323 929 2375 atque
954 2313 1092 2357 etiam
1119 2312 1228 2356 duci
1259 2311 1524 2366 Britanniae,
1548 2309 1652 2370 qui,

251 2393 356 2438 licet
382 2391 557 2437 viribus
584 2391 775 2435 inferior
803 2400 842 2434 et
870 2389 926 2434 ad
954 2388 1359 2450 congrediendum
1387 2387 1481 2448 regi
1507 2386 1658 2448 impar

305 2520 317 2552 l
334 2548 341 2555 .
374 2516 709 2553 Novioman.{enses
731 2513 823 2548 dans
840 2513 874 2548 le
894 2526 963 2548 ms.

304 2579 339 2611 ἓξ.
374 2577 476 2611 Cette
498 2576 603 2611 tri-vc
618 2605 625 2619 ‚
648 2573 747 2623 prise
769 2574 801 2607 le
826 2575 847 2607 :3
868 2571 1078 2609 novembre
1102 2575 1218 2620 4472,
1247 2572 1374 2608 devait
1397 2571 1513 2607 durer
1530 2569 1654 2606 seule-

249 2643 351 2672 ment
370 2634 547 2683 jusqu'au
591 2636 639 2669 1επ
669 2631 778 2669 avril.
815 2630 972 2679 Lenglet
1006 2632 1236 2681 Dusresnoy,
1267 2634 1493 2673 commines,
1525 2638 1550 2665 t.
1582 2630 1657 2669 111,

249 2706 287 2743 p.
316 2694 404 2730 2:11.
