1923 3020
722 253 865 287 LIBER
894 252 1090 287 PRIMUS.
1557 253 1604 287 53

213 336 429 382 stiturum
464 337 627 382 illustri
658 338 851 397 reginas,
885 338 1096 400 compari
1130 353 1248 393 suae,
1287 337 1434 382 fuerat
1470 338 1605 401 polli-

214 413 347 457 citus.

283 492 500 551 Percepta
521 501 675 536 autem
693 490 780 535 hac
799 490 947 547 clade,
974 490 1077 552 pius
1100 489 1174 535 ille
1196 492 1438 550 Henricus,
1464 492 1606 538 fidem

214 565 461 609 hominum
485 575 746 611 exsecratus
768 576 813 610 et
838 565 1069 610 varietatis
1103 581 1256 610 rerum
1291 566 1604 613 humanarum

215 650 456 703 pertaesus,
485 658 593 685 cuni
622 641 680 686 de
704 642 850 686 Scotis
869 642 1007 687 etiam
1033 658 1199 704 parum
1223 641 1505 703 confideret,
1534 661 1607 690 re-

214 716 319 761 licta
342 717 513 775 Scotia,
539 717 597 761 ad
615 717 857 779 quoddam
880 719 1214 763 monasterium
1237 719 1606 766 monachorum¹

213 793 333 838 circa
359 791 474 837 fines
505 794 632 854 regni
656 794 725 838 sui
752 794 872 839 clam
894 810 942 838 se
965 793 1180 839 contulit.
1211 794 1297 839 Ubi
1330 795 1417 840 sul)
1439 812 1605 842 mona-

213 870 288 915 chi
322 869 485 915 habitu
516 887 669 931 regem
700 871 966 926 occultans,
1001 880 1046 915 et
1075 872 1157 915 Dei
1185 871 1412 918 duntaxat
1436 889 1605 920 vacans

213 945 466 1008 obsequio,
493 964 575 1009 pcr
600 947 777 1009 aliquot
802 949 974 991 annos2
999 947 1183 1008 ignotus
1206 947 1420 1005 delituit3
1454 950 1607 996 donec

213 1040 294 1086 per
337 1023 589 1084 quemdam
632 1023 864 1086 perfidum
903 1022 1186 1068 monachum
1229 1032 1369 1086 atque
1408 1026 1605 1088 impium

214 1099 462 1158 EdoardO,
502 1099 564 1144 ol)
596 1100 901 1144 commodum
938 1099 1128 1161 aliquod
1164 1100 1423 1162 temporale
1455 1101 1514 1147 31)
1549 1120 1604 1149 eo

212 1176 619 1238 consequendum,
650 1176 861 1239 proditus
887 1185 931 1221 et
954 1175 1183 1221 indicatus
1209 1175 1308 1221 fuit.

276 1256 393 1297 Cum
420 1263 574 1298 autem
607 1254 667 1298 ita
697 1252 914 1297 Edoardo
950 1262 1065 1297 esset
1104 1252 1344 1315 proditus,
1388 1254 1467 1316 qui
1506 1265 1605 1302 tum

212 1328 402 1392 pacifice
424 1339 521 1374 toto
545 1329 810 1392 potiebatur
830 1345 991 1390 regno,
1014 1329 1161 1373 missis
1185 1328 1472 1387 satellitibus,
1496 1347 1602 1377 eum

211 1406 267 1450 ad
291 1422 338 1450 se
364 1406 631 1451 Londonias
656 1405 864 1450 accersiri
885 1405 1038 1466 jussit3
1067 1421 1163 1467 quo
1185 1405 1290 1451 loco
1322 1406 1367 1450 in
1399 1422 1504 1453 arce
1528 1408 1604 1454 illa

211 1493 391 1540 vetere,
437 1500 538 1544 qua·
578 1482 733 1527 Turris
774 1481 1126 1527 Londoniarum
1164 1482 1448 1544 appellatur,
1494 1501 1602 1530 eum

213 1559 481 1616 recludens,
534 1558 736 1621 praebitis
775 1559 854 1620 qui
900 1560 944 1603 in
985 1559 1163 1603 cunctis
1199 1558 1286 1603 sibi
1332 1562 1603 1607 necessariis

211 1636 526 1680 ministrarent
555 1636 933 1698 exactissimeque
963 1634 1285 1694 observarent,
1322 1635 1465 1698 longo
1498 1654 1600 1684 car-

209 1728 312 1757 cere
349 1728 457 1757 eum
490 1712 749 1768 damnavit,
779 1712 1081 1774 clausumque
1108 1711 1199 1756 illic
1222 1712 1448 1758 custodiri
1476 1714 1596 1760 fecit.

209 1789 369 1845 Qualis
392 1799 547 1834 autem
572 1788 876 1851 postmodum
908 1805 1014 1833 eum
1040 1788 1227 1835 fortuna
1247 1790 1447 1834 tenuerit
1465 1827 1475 1847 ,
1516 1807 1601 1835 suo

207 1865 329 1920 loco,
356 1868 454 1909 Deo
475 1865 723 1925 adjuvante
745 1900 754 1920 ,
795 1865 984 1909 inferius
1009 1881 1369 1928 prosequemur,
1409 1864 1467 1910 ad
1492 1865 1602 1910 alias

208 1959 279 1987 res
296 1958 376 2004 per
394 1941 698 1996 Ludovicum,
712 1951 816 1986 ante
835 1941 956 1986 hanc
977 1943 1164 1987 Henrici
1183 1942 1599 1987 incarcerationem

207 2029 377 2081 gestas,
408 2027 617 2063 nostram
642 2018 929 2063 reflectentes
956 2019 1292 2064 narrationem.
1321 2022 1474 2075 Quam
1496 2020 1599 2080 qui-

207 2096 313 2140 dem
341 2093 468 2158 [huc]
495 2110 641 2155 usque
667 2110 797 2139 casus
822 2094 1007 2138 Henrici
1036 2094 1338 2156 fortunasque
1362 2096 1600 2140 narrando

205 2172 574 2234 perstrinximus,
600 2171 846 2215 occasione
867 2170 1094 2215 adventus
1110 2170 1293 2215 illustris
1315 2173 1595 2233 Margaretae,

209 2248 460 2310 *Xnglorum
496 2248 684 2307 reginae,
731 2247 788 2292 ad
814 2247 1151 2292 consobrinum
1184 2264 1322 2292 suum
1354 2250 1600 2311 maritique

205 2326 274 2370 sui
302 2326 486 2370 Henrici
511 2324 729 2369 cumdem
761 2324 1072 2381 hludovicum,
1103 2328 1388 2370 Francorum
1418 2342 1596 2388 regem,

204 2403 350 2463 gratia
376 2402 530 2447 auxilii
557 2401 802 2462 solatiique
827 2400 884 2444 31)
909 2417 964 2446 eo
989 2401 1432 2463 consequendorum
1461 2420 1469 2446 :
1498 2419 1600 2464 quae

205 2478 312 2523 talia
349 2479 500 2540 qualia
538 2478 732 2521 relatum
770 2477 972 2534 exstitit,
1015 2477 1270 2523 adinvenit.
1311 2479 1411 2523 Fuit
1444 2489 1598 2523 autem

204 2556 333 2617 prior
370 2554 600 2599 adventus
635 2553 778 2615 ipsius
807 2553 974 2615 reginae
1008 2554 1055 2598 in
1083 2554 1325 2600 Franciam
1350 2554 1408 2600 ad
1442 2554 1601 2599 Ludo-

263 2670 292 2702 l.
328 2670 359 2703 A
379 2665 595 2717 Abingdon.

259 2729 296 2763 Ξ.
331 2726 500 2764 Pendant
522 2739 572 2763 un
594 2738 641 2764 an
662 2725 883 2766 seulement.
