1923 3020
306 226 380 261 276
663 222 1002 257 HISTORIARUM
1031 222 1265 257 LUDOVICI
1293 222 1348 256 XI

305 329 395 373 que
425 308 718 369 singulariter
751 306 912 352 divino
947 324 1144 353 munere
1168 317 1316 353 tutata
1339 319 1707 373 praeservataque

305 388 476 431 fuisset.
506 388 555 428 ln
578 399 674 445 quo
692 384 833 429 etiam
855 393 1051 446 apparet
1074 399 1216 445 quam
1236 383 1432 447 pulchre
1457 395 1502 430 et
1527 385 1706 448 elegan-

303 474 370 507 ter
389 477 518 526 sacer
536 460 775 522 psalmista
797 461 1018 505 cecinerit
1047 477 1056 503 ε
1088 480 1109 501 «
1134 460 1226 516 Qui
1252 460 1428 507 habitat
1452 462 1499 506 in
1524 462 1707 524 adjuto—

301 539 369 583 rio
398 537 641 592 Altissimi,
669 538 716 581 in
741 537 1035 599 protectione
1059 537 1144 581 Dei
1164 536 1268 582 coeli
1293 538 1667 584 commorabitur
1685 560 1705 581 κ

302 613 385 677 [et]
407 613 539 675 quod
559 622 907 674 consequenter
923 613 971 658 in
991 612 1160 658 eodem
1178 613 1274 658 imo
1292 613 1542 660 bellissime
1562 616 1702 661 canit.

363 693 604 735 Durarunt
626 690 766 750 igitur
794 690 914 735 inter
939 693 1228 735 Francorum
1254 707 1411 753 regem
1443 692 1709 754 ducemque

298 767 693 829 Burgundionum
717 776 890 828 treugae
916 766 1146 829 praedictae
1168 767 1356 813 initiatae
1373 786 1427 814 ex
1451 779 1616 831 quarta
1636 770 1708 814 (lie

301 844 477 907 aprilis,
498 853 543 889 et
566 853 731 907 postea
764 843 851 888 sub
876 843 1051 889 eisdem
1076 843 1255 905 legibus
1286 862 1338 890 ex
1372 846 1578 891 calendis
1607 846 1708 908 julii

302 922 348 966 in
375 937 553 966 annum
580 920 844 984 producta‘,
865 919 1042 982 absque
1061 920 1152 966 hoc
1173 921 1302 983 quod
1323 924 1608 968 commercia
1631 923 1711 968 ali-

299 1015 393 1060 qua
415 999 536 1044 inter
557 998 796 1058 utriusque
814 996 1093 1042 obedienliae
1122 997 1336 1043 subditos
1359 1016 1549 1044 cursum
1568 1000 1710 1046 habe-

301 1085 420 1121 rent.
443 1074 628 1131 Quibus
652 1073 871 1119 ineundis
907 1083 952 1118 et
983 1073 1204 1118 feriendis
1237 1091 1425 1120 causam
1448 1077 1710 1138 praestitisse

302 1151 535 1197 ferebatur
571 1149 800 1196 adventus
829 1149 1129 1195 illustrissimi
1159 1149 1291 1194 ducis
1317 1151 1598 1212 Aquitaniae,
1631 1153 1710 1214 qui

301 1248 354 1276 ex
391 1229 639 1292 Aquitania
681 1244 707 1273 a
740 1244 875 1289 rege,
927 1243 1151 1289 germano
1186 1244 1295 1284 suo,
1330 1237 1381 1272 ut
1421 1227 1507 1273 sibi
1542 1229 1710 1275 auxilia

301 1307 461 1364 ferret,
487 1305 759 1361 accersitus,
787 1320 896 1349 cum
925 1303 1126 1366 pulchro
1161 1312 1450 1349 armatorum
1484 1306 1710 1351 comitatu

299 1393 507 1439 venerat,
537 1392 764 1444 tanquam
794 1381 879 1426 sibi
905 1380 1110 1425 subsidia
1130 1380 1439 1443 praebiturus;
1479 1399 1526 1427 re
1553 1393 1711 1429 autem

299 1477 409 1506 vera
434 1460 528 1521 regi
553 1459 697 1519 magis
717 1467 959 1521 suspectus
983 1457 1246 1503 habebatur
1261 1461 1288 1503 ¹.

368 1538 471 1581 Fuit
486 1546 642 1581 autem
659 1551 712 1580 ea
730 1545 888 1596 treuga
904 1535 1012 1580 satis
1030 1545 1299 1597 opportuna
1319 1545 1364 1580 et
1384 1552 1532 1599 prope
1556 1553 1713 1583 neces-

302 1616 419 1661 saria
448 1613 841 1676 Burgundionum
874 1612 1007 1670 duci,
1035 1622 1087 1657 ut
1120 1611 1179 1657 ab
1206 1612 1455 1658 obsidione
1492 1629 1575 1659 sua
1611 1617 1737 1659 Ama

300 1693 513 1739 bianensi
538 1691 812 1737 discedendi
843 1691 1093 1735 honestam
1125 1691 1357 1754 acciperet
1386 1692 1709 1750 occasionem,

304 1773 350 1816 in
383 1787 478 1834 qua
513 1786 680 1833 parum
714 1778 797 1815 aut
831 1767 946 1813 nihil
982 1767 1213 1830 proficere
1243 1777 1456 1831 poterat,
1494 1784 1551 1814 eo
1583 1767 1713 1831 quod

303 1847 521 1893 maximis
551 1848 763 1908 equitum
796 1834 849 1890 et>
878 1844 1093 1908 peditum
1122 1845 1269 1907 copiis
1301 1861 1405 1890 eam
1439 1844 1604 1890 urbem
1634 1861 1713 1890 rex

304 1925 581 1988 repleverat,
622 1923 871 1984 eidemque
906 1931 1201 1967 commeatus
1233 1921 1524 1967 abundantia
1556 1922 1713 1984 quoti-

307 2003 381 2048 die
403 2000 702 2065 providebat.
737 1999 828 2045 Sed
858 2009 903 2044 et
934 1999 993 2044 de
1022 2008 1123 2044 loto
1157 2015 1301 2059 regno
1332 1999 1569 2060 ingentem
1591 1999 1714 2044 circa

308 2080 423 2123 lines
442 2078 545 2123 illos
564 2077 778 2122 militiam
795 2084 1121 2137 congregarat7
1145 2091 1249 2137 quae
1267 2075 1418 2137 ipsum
1440 2073 1715 2136 Burgundiae

309 2156 478 2200 ducem
500 2164 542 2199 et
570 2154 668 2215 ejus
697 2153 952 2198 exercitum
978 2152 1026 2196 in
1051 2151 1264 2214 plurimis
1289 2151 1511 2213 angustiis
1538 2151 1713 2197 victua-

310 2233 425 2277 lium
442 2230 772 2275 habendorum
788 2229 1039 2290 multisque
1054 2229 1152 2274 aliis
1166 2228 1383 2290 periculis
1396 2227 1709 2291 supponebat.

365 2401 402 2435 1.
435 2399 480 2433 Et
506 2409 582 2432 non
614 2409 699 2432 sans
731 2396 879 2439 raison,
910 2393 1072 2443 puisque
1101 2395 1190 2429 c'cst
1220 2391 1314 2428 dans
1343 2405 1385 2428 ce
1410 2404 1559 2442 voyage
1581 2404 1655 2440 que
1680 2390 1713 2426 le

312 2458 441 2508 prince
461 2469 569 2507 passa
593 2454 639 2491 de
661 2468 838 2491 nouveau
863 2456 881 2490 a
901 2452 1092 2489 l'ennemi.
1119 2451 1207 2488 Cela
1232 2460 1287 2488 est
1308 2452 1455 2501 prouve
1474 2464 1542 2501 par
1571 2464 1613 2487 ce
1641 2463 1713 2498 que

312 2517 474 2554 l'auteur
495 2522 648 2551 raconte
668 2512 761 2548 dans
779 2512 814 2548 le
835 2512 1004 2561 chapitre
1025 2511 1190 2557 suivant,
1213 2519 1249 2547 et
1267 2524 1404 2547 encore
1425 2510 1552 2547 mieux
1573 2522 1640 2560 par
1660 2510 1714 2545 les

305 2575 553 2615 instructions
570 2572 617 2609 de
637 2574 778 2608 Poncet
799 2571 845 2605 dc
869 2574 921 2606 La
943 2571 1119 2616 Rivitwe,
1141 2572 1288 2620 envoye
1310 2585 1377 2621 par
1400 2571 1434 2608 le
1454 2571 1527 2607 duc
1549 2570 1595 2606 de
1621 2572 1713 2605 Bre-

310 2645 422 2686 tagne
441 2648 490 2671 au
511 2634 583 2669 (luc
604 2632 649 2669 de
670 2634 911 2680 Bourgogne‚
936 2630 970 2665 le
992 2633 1040 2666 15
1057 2630 1181 2676 juillet
1202 2632 1318 2668 1471.
1342 2633 1387 2667 D.
1412 2629 1571 2674 Moriee,
1597 2640 1711 2677 preu-

311 2708 390 2741 ves,
418 2703 441 2730 t.
467 2696 533 2730 ΙΙΙ.
