1923 3020
319 247 366 281 64
676 246 1012 282 HISTORIARUM
1040 247 1273 284 LUDOVICI
1301 250 1356 284 XI

317 334 395 393 qui
437 334 559 377 intus
604 348 705 378 eam
743 343 875 378 erant
913 334 1157 379 Gallorum
1197 334 1364 380 milites
1402 337 1710 400 nonnullique

315 409 552 463 Catalani,
601 411 681 471 qui
723 427 809 455 suo
852 411 947 471 regi
985 427 1167 473 semper
1204 411 1345 456 fidem
1385 425 1706 472 servaverant,

315 500 484 545 magna
514 486 558 531 vi
590 486 914 549 industriaque
943 497 1083 548 atque
1114 487 1349 548 vigilantia
1378 488 1707 549 defensabant,

315 561 435 606 aedes
477 563 643 607 multas
681 563 880 622 civium,
914 580 1017 626 quae
1049 564 1297 609 viciniores
1331 566 1424 610 arci
1456 576 1611 625 erant,
1651 568 1710 612 si-

314 637 500 683 milibus
552 638 787 684 bellorum
841 639 1070 685 machinis
1119 640 1354 686 diruentes
1401 650 1539 703 atque
1588 642 1711 689 infe-

312 724 501 761 stantes.

377 794 496 837 Cum
521 802 676 837 autem
700 793 758 838 de
781 809 973 838 suorum
993 793 1320 854 hujuscemodi
1343 794 1552 856 periculo
1574 799 1710 840 Fran-

313 885 479 914 corum
504 885 582 914 rex
607 870 777 914 certior
808 870 953 915 factus
980 869 1158 927 suisset,
1185 871 1321 914 certis
1344 886 1398 914 ex
1423 888 1516 916 suae
1540 871 1710 918 militiae

313 945 513 991 ducibus
537 945 776 991 mandavit
799 955 1029 1007 quatenus
1049 962 1251 1008 propere
1273 945 1333 990 ad
1357 946 1600 992 ferendum
1625 948 1708 993 ob-

314 1024 448 1069 sessis
471 1022 634 1068 solatia
658 1032 971 1068 occurrerent.
997 1023 1082 1066 Cui
1105 1032 1337 1085 praecepto
1360 1023 1635 1070 obedienter
1656 1041 1710 1071 ac

313 1100 475 1145 sedulo
514 1099 918 1161 obtemperantes,
958 1098 1016 1143 ad
1049 1098 1425 1143 Narbonensium
1454 1100 1569 1146 fines
1597 1118 1707 1147 con-

313 1178 406 1222 cito
432 1176 578 1239 gradu
604 1175 901 1221 advolarunt.
931 1178 1055 1220 luter
1077 1191 1196 1236 quos
1225 1177 1486 1238 praecipuus
1515 1188 1558 1222 et
1581 1180 1710 1241 prin-

313 1253 475 1316 cipalis
501 1252 648 1298 adfuit
675 1252 767 1296 dux
795 1251 1137 1307 Nemorsensis,
1165 1267 1323 1296 comes
1347 1252 1560 1298 Marchiae
1583 1265 1627 1300 et
1651 1256 1710 1300 de.

319 1331 529 1376 Castris¹.
572 1328 833 1392 Exploratis
866 1328 1003 1389 igitur
1044 1344 1127 1390 per
1163 1327 1344 1389 aliquos
1379 1345 1590 1375 cursores
1619 1330 1710 1376 ho-

320 1408 459 1452 stium
483 1407 666 1464 castris,
699 1406 743 1450 in
770 1404 940 1467 quibus
963 1421 1069 1449 cum
1097 1403 1326 1450 Catalanis
1350 1414 1395 1450 et
1417 1405 1509 1451 loci
1531 1407 1709 1453 civibus

302 1494 447 1544 ,erant
482 1493 526 1529 et
555 1499 654 1528 esse
684 1482 953 1528 ferebantur
981 1490 1185 1543 quatuor
1217 1490 1295 1526 aut
1327 1482 1534 1544 quinque
1568 1482 1709 1528 millia

312 1561 722 1625 stipendiariorum
756 1576 811 1604 ex
839 1575 983 1620 regno
1017 1557 1249 1613 Castellae,
1287 1575 1341 1602 ex
1375 1558 1567 1627 diversis
1599 1560 1710 1604 locis

312 1639 431 1685 Galli
477 1638 533 1684 ad
579 1638 846 1683 condictam
888 1636 1056 1681 horam
1105 1636 1150 1679 in
1200 1652 1346 1681 unum
1392 1636 1603 1696 collecti,
1651 1637 1709 1683 ad

311 1716 518 1761 hostium
556 1724 706 1760 castra
744 1713 937 1776 propius
973 1728 1020 1757 se
1055 1711 1383 1757 admoverunt.
1419 1716 1533 1768 Quae
1566 1722 1708 1758 noctu

313 1793 538 1855 aggressi,
573 1791 765 1836 viriliter
791 1799 931 1851 atque
958 1789 1168 1834 animose
1192 1805 1459 1852 expugnare
1484 1798 1705 1851 pergunt,

314 1880 359 1914 et
378 1868 532 1930 jacula
553 1878 691 1930 atque
714 1865 901 1911 missilia
925 1865 969 1909 in
994 1864 1150 1910 hostes
1171 1865 1407 1925 jacientes,
1432 1874 1475 1910 et
1495 1865 1710 1910 cominus

313 1948 450 1991 etiam
480 1946 631 1991 contis
658 1954 702 1989 et
728 1943 945 1988 districtis
970 1941 1131 2003 gladiis
1153 1942 1275 1987 viam
1311 1942 1396 1986 sibi
1424 1942 1703 2004 apei'ienteS‚

312 2023 484 2081 hostes,
512 2022 592 2084 qui
614 2037 640 2066 a
662 2020 772 2065 soris
792 2036 944 2065 arcem
966 2017 1215 2080 cingebant
1235 2028 1279 2064 et
1300 2018 1545 2075 bastiliam‚
1567 2034 1707 2079 quam

313 2100 446 2144 valde
478 2098 704 2143 munitam
730 2113 837 2142 cum
862 2112 1032 2156 magno
1062 2111 1227 2157 aggere
1251 2094 1342 2140 illic
1367 2104 1704 2150 exstruxerant,

314 2176 578 2232 servabant,
608 2175 762 2237 fugam
789 2174 994 2235 arripere
1020 2181 1287 2233 coegerunt.
1317 2175 1527 2226 Quorum
1553 2169 1708 2231 plures

316 2253 544 2316 perempti
582 2253 766 2296 suerunt
796 2260 890 2294 tam
927 2248 986 2293 al)
1020 2247 1107 2293 illis
1140 2248 1221 2309 qui
1253 2255 1617 2310 supervenerant
1648 2246 1708 2291 ad

313 2313 585 2375 succursum
614 2327 812 2372 obsessis
838 2324 1105 2381 serendum,
1133 2340 1275 2386 quam
1297 2325 1432 2369 etiam
1459 2322 1517 2368 al)
1542 2323 1606 2367 eis
1629 2323 1708 2384 qui

315 2408 359 2451 in
396 2422 499 2450 arce
529 2404 702 2448 obsessi
738 2404 942 2459 suerant3
979 2402 1079 2463 qui,
1117 2400 1230 2445 dum
1259 2400 1364 2445 talia
1387 2416 1472 2462 pro
1498 2415 1545 2443 se
1571 2414 1708 2460 gere—

314 2492 492 2541 rentur,
521 2497 615 2525 non
644 2479 916 2541 torpebant,
948 2478 1027 2523 sed
1054 2494 1141 2540 pro
1165 2493 1244 2521 sua
1271 2476 1415 2521 salute
1440 2492 1536 2520 non
1563 2475 1703 2538 pigri,

315 2559 484 2623 quibus
513 2565 725 2621 poteraut
753 2555 927 2612 modis,
959 2571 1044 2616 pro
1078 2554 1300 2599 molestiis
1327 2563 1467 2614 atque
1494 2549 1707 2614 periculis

368 2684 401 2716 1.
433 2682 592 2727 Jacques
613 2676 867 2723 d'Armagnae
883 2700 892 2717 ,
915 2671 986 2706 duc
1004 2671 1050 2706 de
1070 2674 1274 2717 Nemours,
1295 2680 1418 2707 comte
1437 2670 1483 2706 de
1502 2669 1537 2705 la
1557 2667 1707 2704 Marche

312 2748 347 2775 et
367 2738 413 2775 de
433 2741 589 2776 Casu-es.
