1923 3020
735 294 878 329 LIBER
917 292 1179 330 SECUNDUS.
1578 290 1592 324 1
1604 290 1649 325 07

262 381 456 436 sierunt,
482 379 563 424 sed
588 380 725 424 etiam
753 379 1104 424 occasionaliter
1130 377 1419 422 infinitorum
1444 374 1651 420 fidelium

261 457 596 519 persecutionis
619 492 630 512 ,
674 465 719 501 et
755 456 1046 501 cruciatuum
1079 457 1317 501 variorum
1355 463 1493 516 atque
1526 454 1651 498 necis

261 548 420 578 causas
443 532 735 577 excitarunt?
757 533 872 588 Quis
900 542 1096 578 conatus
1126 532 1499 578 Christianorum
1523 531 1653 593 prin-

260 610 416 671 cipum
441 617 485 652 et
508 618 675 653 sanctae
708 609 921 654 Ecclesiae
953 610 1062 667 Dei,
1105 609 1163 654 ad
1197 607 1568 670 recuperandam
1594 606 1652 652 ab

258 683 527 729 infidelibus
555 687 743 729 Terram
774 688 1013 741 Sanctam,
1049 684 1312 746 culpandos
1342 693 1482 745 atque
1519 683 1652 728 dam-

259 759 442 805 nandos
471 759 666 814 dixerit,
692 759 797 804 licet
820 769 1016 804 conatus
1042 775 1207 804 eorum
1233 775 1472 804 successus
1500 759 1652 803 felices

258 851 354 880 non
381 834 525 879 modo
551 852 646 880 non
673 835 843 880 fuerint
867 835 1080 888 assecuti,
1102 835 1182 879 sed
1207 835 1348 880 etiam
1373 835 1584 879 interitus
1608 843 1652 878 et

258 910 535 973 perditionis
572 912 1002 973 persecutionisque
1036 910 1330 954 infinitorum
1363 910 1652 955 Christiano-

259 1003 362 1031 rum
394 987 560 1049 saepius
595 988 779 1031 occasio
803 996 847 1032 et
871 1002 1011 1032 causa
1034 985 1323 1030 exstiterint?
1347 987 1454 1030 Sine
1483 985 1652 1047 quibus

258 1061 505 1106 conatibus
551 1062 820 1121 hujusmodi
867 1062 1019 1107 clades
1064 1061 1256 1105 minime
1306 1062 1647 1122 provenissent.

259 1140 407 1182 Nemo
431 1138 631 1200 quippe,
660 1138 744 1182 nisi
773 1139 971 1183 nimium
995 1137 1316 1182 contentiosus
1340 1152 1392 1181 ac
1415 1138 1647 1198 pervicax,

257 1214 446 1259 infitiari
475 1216 662 1276 poterit,
691 1216 805 1276 quin
841 1215 1040 1258 maxima
1065 1213 1289 1273 ingruerit
1326 1221 1438 1257 tunc
1475 1213 1652 1274 (neque

258 1306 384 1335 nunc
417 1291 590 1345 minus)
623 1290 963 1352 rempublicam
988 1291 1116 1350 regni
1140 1289 1383 1333 reformari
1415 1289 1461 1332 in
1488 1289 1652 1334 melius

258 1366 448 1411 evidens
471 1376 517 1411 et
538 1366 778 1411 manifesta
804 1366 1065 1419 necessitas
1107 1368 1291 1422 Quare,
1330 1381 1435 1410 cum
1459 1366 1517 1409 ad
1539 1380 1652 1409 con-

257 1442 505 1487 sulendum
532 1443 572 1487 ei
596 1446 669 1487 vix
690 1442 777 1488 alia
800 1442 891 1487 ulla
917 1442 1062 1486 modo
1088 1442 1295 1486 humano
1312 1441 1385 1485 via
1405 1440 1558 1502 aptior
1574 1455 1652 1484 aes-

257 1520 412 1564 timari
458 1536 537 1564 seu
575 1519 835 1564 adinveniri
869 1534 1005 1581 posse
1045 1527 1319 1580 putaretur,
1360 1532 1554 1579 operam
1592 1516 1652 1561 ad

256 1611 359 1640 eam
390 1612 490 1640 rem
524 1605 617 1640 tam
651 1595 823 1640 licitam
857 1604 1047 1656 tamque
1078 1594 1241 1639 utilem
1266 1603 1312 1639 et
1341 1594 1651 1639 necessariam

257 1670 444 1727 dantes,
484 1671 610 1716 bona
640 1681 685 1716 et
712 1680 835 1716 recta
857 1671 1118 1716 intentione
1148 1670 1315 1715 merito
1346 1669 1652 1731 inculpabiles

256 1748 477 1793 censendi
496 1757 621 1803 sunt,
650 1748 786 1792 etiam
808 1748 862 1803 si,
889 1747 951 1792 ob
974 1748 1208 1792 malorum
1226 1748 1493 1809 aliquorum
1511 1755 1651 1808 atque

256 1825 525 1887 iniquorum
547 1824 797 1869 hominum
819 1824 1003 1887 culpam
1019 1860 1030 1880 ,
1065 1841 1161 1882 res,
1197 1825 1263 1868 uti
1292 1833 1528 1886 speratum
1554 1823 1650 1868 fue·

256 1910 348 1956 rat,
379 1900 557 1945 felicem
587 1901 762 1944 exitum
793 1917 887 1944 non
919 1901 1095 1945 invenit
1127 1916 1280 1962 neque
1309 1899 1503 1961 accepit.
1543 1899 1651 1943 Sine

255 1976 391 2039 culpa
410 1976 584 2038 quippe
603 1976 788 2020 suerunt
807 1976 886 2026 illi,
905 1977 984 2038 qui
1003 1985 1219 2038 parentes
1234 1984 1467 2038 praecepto
1478 1977 1646 2029 Josuae,

255 2053 313 2098 ad
345 2053 706 2116 expugnandam
747 2054 978 2099 civitatem
1015 2054 1099 2099 Hai
1136 2054 1287 2116 prima
1322 2053 1422 2097 vice
1454 2051 1648 2114 profecti

254 2140 385 2188 sunt,
414 2131 520 2176 licet
545 2140 735 2192 propter
760 2139 1000 2191 peccatum
1027 2130 1203 2187 Aclian,
1232 2129 1313 2190 qui
1337 2138 1500 2174 contra
1530 2128 1648 2173 divi-

255 2223 369 2251 num
393 2207 643 2268 imperium
672 2206 835 2250 tulerat
869 2205 928 2250 de
959 2205 1254 2250 anathemate
1283 2204 1495 2263 Jericho,
1530 2204 1649 2250 infe-

254 2281 399 2326 liciter
421 2281 480 2326 ab
506 2280 721 2325 hostibus
741 2297 879 2325 caesos
902 2281 1040 2325 fuisse
1066 2280 1338 2342 fugatosque
1362 2288 1561 2325 constet.

320 2361 372 2403 Et
409 2358 471 2403 ita
502 2374 645 2419 opera
674 2357 825 2414 bona,
864 2367 908 2401 ct
949 2356 1074 2402 bona
1111 2357 1371 2401 intentione
1404 2365 1644 2418 suscepta,

253 2443 499 2496 propterea
523 2434 715 2478 minime
739 2433 1010 2478 damnanda
1034 2443 1158 2488 sunt,
1183 2442 1280 2477 esto
1305 2431 1436 2494 quod
1460 2449 1515 2477 ex
1538 2432 1649 2495 ipsis

254 2510 452 2565 fructus,
493 2511 570 2571 qui
597 2518 807 2572 speratus
831 2509 1000 2567 suerat,
1039 2510 1229 2554 minime
1253 2508 1509 2571 aliquando
1536 2525 1648 2570 pro-

251 2586 419 2631 veniat.
466 2588 658 2630 Constat
696 2586 732 2630 si
774 2585 964 2646 quidem
1003 2584 1282 2647 aliquando,
1322 2584 1491 2630 talibus
1527 2584 1644 2642 viis,

254 2663 429 2725 optime
454 2662 720 2724 reipublicae
744 2663 879 2707 fuisse
909 2663 1194 2716 consultum,
1223 2673 1268 2708 et
1291 2672 1509 2725 purgatas
1528 2677 1648 2724 saepe

254 2740 526 2785 saevissimas
552 2739 688 2784 fuisse
708 2739 994 2800 tyrannides,
1020 2750 1062 2783 et
1086 2740 1350 2785 exstinctas.
1370 2738 1509 2794 Quod
1533 2748 1576 2784 et
1601 2739 1646 2783 in
