1923 3020
717 277 860 312 LIBER
888 275 1110 320 QUINTUS.
1540 274 1615 309 409

218 383 323 412 suas
346 366 404 411 de
424 366 636 429 principe
661 374 799 426 atque
823 363 916 408 suis
940 362 1258 425 querimonias
1282 359 1607 424 depromebat.

218 442 492 488 Asserebant
532 442 658 485 enim
695 457 744 485 se
783 440 917 484 novis
953 448 997 483 et
1035 438 1273 499 exquisitis
1311 436 1613 498 vectigalibus

216 530 356 581 atque
379 534 521 563 onere
545 518 754 578 gravium
778 515 1085 560 collationum
1110 515 1281 558 mirum
1311 515 1358 558 in
1387 513 1609 572 modum,

214 612 354 659 supra
382 595 548 640 virium
576 594 863 648 facultatem,
894 602 1113 646 onustOS,
1143 607 1230 635 nec
1256 591 1497 653 promissis
1523 591 1616 636 suis

214 682 258 717 et
286 672 562 733 juramentis
595 670 855 733 principem
891 667 1155 725 attendere,
1197 666 1395 728 quibus,
1436 667 1613 712 nedum

213 748 370 804 initio,
409 764 516 793 cum
551 756 781 792 terrarum
812 743 1157 808 possessionem
1189 752 1353 787 nactus
1388 743 1496 799 fuit,
1532 744 1613 789 sed

211 825 348 870 etiam
381 824 685 887 postmodum
721 822 987 884 frequenter
1015 819 1186 865 accolis
1215 829 1469 877 terrarum,
1503 837 1612 865 cum

212 902 416 964 aliquam
455 902 514 947 ab
553 901 618 945 eis
658 908 835 962 peteret
871 897 1179 961 pecuniarum
1217 895 1610 953 subventionem,

210 979 444 1042 pollicitus
482 977 630 1022 fuerat
674 993 744 1035 se,
776 975 891 1020 infra
931 975 1186 1019 terminum
1221 972 1354 1018 dietae
1392 973 1612 1019 faciendae

210 1056 446 1101 collationi
471 1054 797 1117 prcestitutum,
816 1053 954 1098 aliam
978 1068 1026 1096 se
1046 1051 1240 1096 minime
1262 1067 1360 1096 esse
1382 1051 1612 1097 facturum

210 1132 281 1177 vel
312 1133 660 1194 requisiturum.
689 1133 790 1175 Hoc
820 1145 989 1191 nempe
1017 1128 1102 1173 etsi
1134 1127 1389 1190 aliquando
1419 1137 1463 1172 et
1493 1145 1612 1191 saepe

210 1209 522 1272 promisisset,
553 1207 745 1252 minime
769 1215 948 1262 tamen,
984 1215 1032 1249 ut
1064 1203 1271 1261 aiebant,
1306 1203 1607 1262 observabat3

209 1285 287 1330 sed
313 1300 535 1329 concessa
555 1294 694 1346 atque
713 1282 904 1338 indicta,
928 1291 1025 1326 esto
1048 1282 1204 1343 gravia
1224 1291 1267 1326 et
1288 1280 1347 1326 ad
1368 1281 1608 1326 ferendum

209 1361 506 1420 difficillima,
537 1362 672 1405 novis
696 1358 1025 1422 superindictis
1050 1357 1372 1421 frequentibus
1397 1357 1609 1402 cumula-

205 1437 300 1483 bat.
323 1438 464 1500 Cujus
488 1438 619 1482 oneri
638 1446 681 1481 et
697 1435 949 1497 gravamini
971 1450 1221 1497 gravamen
1246 1434 1610 1496 superadjiciens

207 1522 345 1574 atque
366 1530 628 1576 apponens,
655 1528 711 1558 ex
734 1512 806 1556 his
831 1511 1053 1556 omnibus
1077 1521 1217 1573 atque
1243 1510 1357 1565 aliis,
1383 1527 1485 1571 quae
1510 1511 1611 1555 lon-

206 1606 315 1650 gum
336 1591 475 1635 nimis
496 1590 613 1635 foret
636 1599 858 1648 retexere,
883 1588 1040 1633 videre
1059 1597 1157 1633 erat
1178 1587 1608 1633 murmurationum

206 1684 290 1729 per
310 1668 523 1711 omnium
547 1666 640 1711 fere
665 1682 764 1722 ora,
789 1666 833 1710 in
856 1666 990 1710 terris
1015 1665 1117 1718 illis,
1141 1663 1286 1709 verba
1308 1680 1604 1727 percurrere3

206 1744 268 1788 ita
293 1754 341 1788 ut
369 1744 580 1806 profecto
607 1743 667 1789 ad
692 1743 1004 1788 desectionem
1044 1742 1114 1787 vel
1139 1751 1348 1805 apertam
1374 1757 1426 1786 ac
1458 1743 1607 1786 mani-

206 1821 368 1866 festam
392 1822 727 1867 discessionem
756 1820 1065 1883 propinquari
1097 1818 1358 1875 videretur3
1384 1827 1426 1862 et
1447 1834 1607 1863 revera

206 1897 261 1941 ad
288 1899 572 1961 principem,
602 1914 742 1960 quem
767 1896 1020 1959 aliquando
1046 1913 1208 1942 carum
1228 1895 1523 1950 habuissent,
1551 1912 1606 1940 ex

205 1973 434 2034 praedictis
449 1983 493 2018 et
506 1973 605 2018 aliis
624 1973 789 2031 causis,
813 1990 1023 2018 amorem
1044 1983 1089 2018 et
1109 1971 1489 2017 benevolentiam
1507 1988 1603 2017 non

204 2049 357 2095 solum
386 2050 669 2112 refriguisse,
703 2050 784 2095 sed
817 2051 1067 2096 exstinctos
1095 2049 1251 2112 potius
1279 2048 1600 2109 ostentabant,

204 2135 250 2170 et
281 2126 340 2171 ab
377 2143 541 2172 eorum
573 2127 814 2173 affectibus
852 2127 1124 2173 indicabant
1157 2125 1434 2171 abcessisse:
1476 2125 1604 2171 unde

203 2200 313 2259 sibi,
341 2214 777 2267 quantumcumque
797 2204 1083 2268 reposcenti,
1109 2202 1278 2249 auxilia
1304 2203 1487 2247 mittere
1512 2219 1602 2248 ne-

202 2289 369 2339 garmt.

268 2358 474 2401 Fuerunt
502 2366 656 2402 tamen
682 2375 733 2403 ex
762 2357 1000 2403 nobilibus
1026 2356 1266 2413 nonnulli,
1299 2365 1351 2401 ut
1380 2355 1602 2401 dominus

201 2431 259 2476 de
286 2435 482 2478 Ναωοε1
509 2442 555 2478 et
583 2434 804 2480 dominus
831 2434 889 2479 de
918 2436 1078 2494 err‘2,
1109 2434 1212 2496 qui,
1241 2432 1434 2478 collecta
1458 2449 1601 2495 quam

200 2517 455 2570 potuerunt
488 2510 701 2571 equitum
733 2527 898 2568 manu,
933 2511 974 2555 ei
1002 2510 1062 2556 ad
1094 2509 1340 2556 ferendum
1374 2510 1598 2555 auxilium

256 2696 290 2728 1.
325 2692 518 2743 Engilbert
537 2692 583 2729 de
604 2694 760 2729 Nassau.

254 2754 290 2787 Ξ.
323 2753 495 2804 Philippe
519 2753 565 2790 de
584 2756 696 2802 Crov,
720 2762 841 2790 comte
863 2754 908 2790 dc
932 2755 1102 2805 Chimay.
