1923 3020
744 238 887 274 LIBER
914 237 1133 272 TERTIUS.
1566 235 1640 269 255

304 329 451 371 Porro
483 342 590 371 cum
624 325 711 370 hoc
746 324 805 370 ad
839 323 1042 369 Edoardi
1075 321 1359 386 pervenisset
1394 319 1637 374 notitiam,

240 420 375 448 suum
414 419 608 447 movens
645 403 784 447 etiam
822 401 1094 453 exercitum,
1123 399 1309 445 concito
1343 412 1497 459 gressu
1542 411 1642 440 ver-

239 498 315 526 sus
341 496 449 525 suos
473 480 689 524 inimicos
714 478 983 532 contendit,
1019 487 1061 522 et
1092 476 1148 522 ad
1182 476 1366 531 locum,
1394 489 1489 518 non
1522 472 1641 517 ultra

238 556 425 601 duobus
460 555 663 599 millibus
694 555 752 599 al)
785 555 848 599 eis
874 563 1136 609 remotum,
1161 569 1243 597 sua
1273 560 1420 598 castra
1451 549 1636 595 locavit.

239 637 344 689 Quo
380 633 583 677 exterriti
615 633 780 677 nuntio
814 633 970 693 regina
997 632 1190 693 ejusque
1215 630 1334 675 filius
1367 627 1637 682 Edoardus,

237 720 384 756 castra
408 718 648 754 moventes
669 726 753 753 nec
774 724 1075 769 congressum
1096 708 1214 767 regis
1235 707 1332 751 ausi
1352 714 1636 768 exspectare,

239 796 383 831 noctu
423 785 531 831 inde
570 786 761 847 digressi
794 795 926 841 sunt,
966 794 1009 829 et
1048 793 1143 828 tota
1180 784 1442 845 equitantes
1476 792 1638 835 nocte,

238 864 660 924 continuantesque
688 863 774 907 iter
803 878 884 924 per
914 861 1037 906 diem
1068 869 1362 921 sequentem,
1397 859 1454 904 ad
1484 858 1641 904 villam

244 939 505 1001 Tewsbmji*
539 947 869 1002 pervenerunt,
893 954 917 983 a
935 937 1039 981 loco
1060 937 1216 999 priore
1239 952 1315 980 sex
1341 936 1524 997 triginta
1546 935 1643 980 mil-

239 1015 429 1061 liaribus
455 1017 615 1080 patria?
640 1015 907 1060 distantem.

302 1096 424 1139 Sane
455 1110 561 1138 curn
590 1093 635 1137 id
658 1093 715 1136 ad
742 1090 946 1136 Edoardi
971 1090 1088 1149 regis
1114 1104 1248 1133 aures
1273 1087 1504 1150 perlatum
1531 1089 1640 1133 suis-

237 1179 300 1215 set
323 1207 332 1222 ‚
359 1170 496 1214 talem
521 1186 601 1214 eos
626 1166 900 1229 insequendi
924 1175 967 1210 et
986 1165 1109 1210 velut
1129 1164 1331 1209 venandi
1356 1163 1641 1225 diligentiam

238 1246 368 1303 fecit,
397 1246 524 1308 quod
551 1245 626 1290 die
653 1261 723 1289 ιιι.
749 1243 956 1304 ejusdem
985 1243 1156 1287 mensis
1186 1242 1319 1296 maii,
1347 1257 1495 1304 prope
1520 1258 1642 1286 eam-

239 1321 345 1366 dem
378 1322 533 1366 villam
566 1321 624 1365 de
665 1319 912 1380 Tewsbmjr
945 1319 1003 1364 ad
1028 1319 1115 1364 tria
1141 1317 1383 1373 milliaria,
1417 1333 1524 1361 cum
1557 1334 1640 1362 suo

236 1398 436 1443 exercitu
471 1396 722 1461 applicuit,
751 1405 971 1457 vergente
991 1396 1089 1456 jam
1119 1394 1179 1440 ad
1211 1403 1397 1439 noctem
1424 1393 1528 1449 die,
1560 1393 1642 1439 ihi-

236 1491 327 1536 que
350 1474 660 1538 pernoctavit.
692 1474 905 1518 Crastino
937 1481 1093 1517 autem
1123 1471 1402 1516 adveniente
1431 1470 1534 1527 die,
1563 1470 1642 1532 qui

238 1561 332 1597 erat
355 1568 419 1596 JV.
445 1552 553 1597 dicti
580 1552 777 1607 mensis,
805 1551 898 1595 suis
922 1549 1116 1613 pulchre
1141 1549 1370 1594 ordinatis
1393 1548 1580 1594 aciebus
1600 1557 1643 1593 et

237 1630 415 1675 cunctis
443 1630 500 1675 ad
531 1628 838 1693 praeliandum
866 1627 1157 1691 piffpai‘atis,
1188 1643 1334 1688 usque
1365 1642 1513 1689 prope
1545 1625 1643 1670 dic-

237 1715 331 1751 tam
362 1706 517 1751 villam
555 1705 760 1750 accessit.
798 1707 933 1748 Juxta
956 1713 1000 1749 et
1032 1720 1181 1767 prope
1212 1719 1352 1765 quarn
1378 1718 1488 1747 suos
1512 1702 1643 1746 inve-

238 1783 369 1828 niens
392 1783 571 1839 hostes,
597 1784 642 1826 in
668 1797 836 1844 campo
863 1781 983 1826 vallo
1010 1780 1304 1825 communito
1328 1778 1539 1841 praelium
1565 1793 1644 1822 ex-

237 1868 520 1923 spectanteS,
557 1857 897 1903 commendans
932 1873 1121 1902 causam
1158 1873 1290 1901 suam
1329 1854 1643 1916 omnipotenti

238 1939 360 1995 Deo,
394 1953 502 1981 cum
536 1936 600 1981 eis
629 1944 864 1980 certamen
900 1943 1039 1994 atque
1075 1933 1348 1977 conflictum
1380 1930 1563 1976 habuit.
1593 1932 1640 1975 ln

238 2030 333 2076 quo
366 2013 424 2058 de
460 2013 568 2075 ipsis
596 2013 688 2057 suis
720 2011 931 2057 hostibus
962 2009 1339 2071 gloriosissimam
1368 2008 1637 2064 victoriam,

239 2089 395 2136 divina
419 2090 482 2134 sic
507 2089 755 2134 ordinante
779 2087 1072 2132 Providentia
1090 2123 1100 2143 ,
1129 2085 1321 2130 feliciter
1344 2085 1614 2147 reportavit.

303 2165 637 2212 Occubuerunt
658 2174 813 2210 autem
839 2165 883 2209 in
910 2165 1011 2226 ipso
1040 2162 1197 2225 praelio
1220 2161 1436 2225 praefatus
1462 2161 1641 2206 Edoar-

239 2243 351 2298 dus,
386 2243 536 2287 dictus
560 2243 777 2305 princeps
803 2241 1028 2298 Walliae²3
1057 2239 1315 2296 ,lohannes7
1348 2238 1485 2284 frater
1508 2238 1640 2284 ducis

239 2320 563 2376 Summerseffi,
599 2318 751 2364 dictus
793 2317 1001 2363 marchio
1041 2316 1099 2362 de
1146 2320 1342 2371 Dorset,·
1383 2332 1542 2361 comes
1582 2315 1640 2360 de

294 2471 306 2505 ’1
322 2499 330 2507 .
360 2467 624 2518 Tewkesbury.

293 2530 330 2565 ἱ).
361 2530 413 2564 Le
431 2528 559 2577 prince
578 2526 624 2564 de
639 2526 765 2564 Galles
782 2527 835 2563 fut
854 2526 1034 2564 assassine
1051 2541 1137 2565 sous
1152 2528 1207 2564 les
1224 2540 1324 2576 yeux
1341 2518 1558 2563 d'Edouard
1574 2527 1639 2573 lv,

240 2588 349 2637 apres
371 2586 403 2624 la
426 2586 590 2623 bataille.
619 2586 792 2623 L'ancien
817 2593 1040 2622 annotateur
1060 2586 1106 2623 de
1125 2595 1233 2623 notre
1256 2598 1326 2624 ms.
1351 2586 1451 2622 5962
1473 2583 1642 2635 rappelle

240 2646 317 2683 cela
352 2646 444 2682 (lans
477 2659 550 2682 une
578 2654 664 2682 note
695 2645 902 2696 marginale
929 2659 936 2681 :
962 2648 1161 2683 Cominoeus
1190 2647 1363 2696 affirmat
1388 2659 1468 2681 eum
1497 2658 1520 2679 α
1549 2646 1642 2679 duce

243 2708 438 2743 Clarentiae
459 2709 495 2739 ιἰι
516 2713 705 2752 conspectu
727 2706 896 2740 Edoardi
911 2709 1009 2753 regis
1030 2707 1261 2753 interfectam
1285 2718 1375 2741 esse.
