1923 3020
707 227 850 262 LmER
886 225 1126 272 QUARTUS.
1540 225 1613 259 349

671 403 1004 448 CAPITULUM
1044 404 1162 447 XIV.

223 530 412 576 Quomodo
430 531 500 564 dux
527 533 737 577 Burgundiae
757 543 864 567 castra
889 535 1078 580 imperialia
1098 534 1240 574 invasit;
1270 542 1302 566 et
1328 532 1370 566 de
1399 532 1511 566 reditu
1531 532 1618 577 regis

268 588 481 620 Francorum
499 598 538 618 ex
556 587 784 629 Nmmannia,
802 588 861 631 qui
878 588 1122 633 imperatorem
1138 586 1182 620 ad
1200 585 1479 632 componendam
1498 598 1616 631 pacem

270 637 451 672 adduxst‘.

291 759 407 801 Cum
438 756 593 817 igitur,
625 754 944 816 frequentibus
972 755 1389 801 intercurrentibus
1420 757 1617 816 nuntiis,

226 833 396 878 certior
412 841 530 877 esset
548 832 693 876 factus
712 832 968 894 imperator
985 847 1139 893 regem
1157 848 1264 876 cum
1283 834 1461 893 magnis
1476 835 1622 896 copiis

227 924 329 954 esse
353 910 398 952 in
419 906 647 963 Picardia,
675 906 862 968 illicque
889 906 1046 951 omnia
1071 905 1156 950 sibi
1181 922 1403 969 prospere
1426 908 1591 954 cedere
1609 947 1620 968 ‚

227 1000 417 1048 sperans
437 983 565 1046 quod
582 985 594 1006 ²
613 982 683 1028 vel
714 983 758 1027 in
790 983 980 1045 propria
1012 980 1098 1044 [se]
1125 981 1211 1026 sibi
1239 983 1548 1045 adjungeret³‚
1581 995 1626 1031 et

227 1077 278 1106 ex
320 1076 402 1106 sua
432 1069 563 1123 parte
598 1059 795 1122 quisque
834 1075 1000 1103 eorum
1035 1058 1418 1120 Burgundionum
1456 1061 1625 1107 ducem

228 1138 596 1197 constringeret,
623 1144 669 1180 et
703 1135 1023 1180 necessitatem
1061 1134 1259 1179 cedendi
1299 1145 1377 1180 aut
1405 1138 1626 1183 movendi

230 1231 277 1259 se
301 1214 360 1259 ad
384 1223 618 1259 certamen
652 1211 870 1258 adversus
898 1221 992 1257 tam
1016 1221 1232 1275 potentes
1261 1227 1316 1257 ac
1351 1229 1627 1259 numerosos

230 1290 458 1335 exercitus
482 1299 769 1352 perurgeret,
797 1297 959 1333 contra
980 1305 1100 1350 quos
1131 1289 1260 1334 nulla
1285 1299 1362 1335 aut
1382 1292 1628 1353 perexigua

231 1384 334 1431 spes
361 1368 566 1413 victoriae
598 1367 685 1413 sibi
710 1366 870 1412 relicta
900 1365 1167 1425 videretur3
1202 1377 1282 1412 aut
1307 1367 1491 1427 saltem,
1520 1371 1555 1413 si
1582 1370 1626 1413 in

231 1444 422 1508 propria
447 1444 641 1489 minime
675 1442 801 1489 idem
834 1459 913 1488 rex
936 1443 1208 1502 accederet,
1236 1444 1365 1506 quod
1388 1446 1629 1508 copiarum

232 1537 422 1568 suarum
446 1520 689 1565 meliorem
718 1519 988 1583 portionem
1009 1555 1020 1578 ,
1053 1519 1140 1565 sub
1165 1520 1337 1565 ducatu
1364 1520 1630 1584 aliquorum

233 1615 287 1643 ex
309 1596 572 1660 potioribus
606 1595 804 1642 ducibus
833 1596 951 1654 suis,
978 1595 1065 1641 sibi
1093 1596 1346 1643 destinaret
1369 1615 1377 1641 ε
1406 1599 1555 1644 movit
1578 1616 1631 1644 ex

234 1674 339 1719 loco
364 1689 459 1736 quo
483 1671 784 1730 consederat,
812 1682 856 1717 et
882 1672 1014 1734 juxta
1031 1681 1178 1718 castra
1204 1673 1335 1719 ducis
1358 1675 1633 1736 Burgundiae

235 1767 318 1796 sua
339 1751 496 1795 locare
520 1749 804 1794 constituit&

299 1826 440 1882 Quod
468 1825 717 1889 pervidens
740 1825 1133 1888 Burgundionum
1157 1826 1267 1885 dux,
1295 1828 1634 1889 promissorum

235 1920 339 1968 quae
362 1904 421 1950 ad
446 1920 555 1949 suos
580 1903 752 1949 fecerat
774 1920 870 1949 non
896 1904 1162 1962 immemor,
1189 1904 1461 1967 priusquam
1488 1906 1636 1951 muni-

291 2043 327 2078 1.
359 2040 535 2090 Chapitre
555 2040 730 2090 imprime
746 2040 837 2077 dans
851 2041 1120 2089 l’Amplc'ssima
1138 2044 1314 2089 collectio,
1336 2051 1362 2079 t.
1383 2046 1447 2090 IV,
1463 2043 1632 2082 col.781.

293 2101 328 2134 2.
360 2102 595 2148 Sper-amque
614 2098 707 2134 dans
728 2098 762 2135 le
780 2111 850 2135 ms.

292 2159 326 2194 3.
359 2156 638 2194 Sous-entendu
658 2170 829 2205 persona.
858 2156 971 2193 Louis
1001 2159 1055 2193 >41
1082 2157 1182 2194 avait
1208 2157 1332 2194 donne
1359 2159 1638 2196 effectivement

239 2222 297 2250 cet
322 2215 447 2264 espoir
475 2217 496 2251 a
525 2215 765 2264 l'empereur.
799 2214 957 2251 Molinot
986 2224 1165 2265 rapporte
1196 2216 1229 2253 le
1258 2225 1359 2253 texte
1390 2216 1503 2255 d'une
1531 2217 1639 2255 lettre

241 2274 353 2310 ecrite
370 2287 437 2324 par
455 2274 608 2311 celui-ci
628 2286 702 2310 aux
721 2273 910 2310 habitants
934 2273 980 2310 de
1001 2278 1134 2321 Neuss,
1153 2278 1203 2312 ou
1230 2292 1247 2309 α
1270 2276 1378 2312 estoit
1398 2277 1546 2315 enclose
1566 2291 1641 2315 une

241 2333 354 2383 petite
372 2333 518 2370 cedulle
537 2341 739 2369 contenant
757 2341 947 2369 comment
964 2334 997 2370 le
1017 2333 1070 2370 dit
1089 2347 1289 2384 empereur
1307 2336 1410 2372 avoit
1428 2337 1575 2386 envoye'
1594 2336 1641 2375 de

241 2391 372 2428 rechef
391 2405 458 2428 son
479 2391 698 2428 ambassade
719 2405 787 2442 par
806 2391 940 2429 devers
959 2392 993 2429 le
1014 2405 1082 2442 roy
1102 2392 1148 2430 de
1167 2396 1308 2431 France
1321 2423 1330 2441 ‚
1355 2394 1519 2444 laquelle
1540 2397 1643 2432 avoit

242 2452 441 2488 rencontre
459 2451 493 2487 le
516 2450 783 2488 chevaucheur
802 2450 853 2487 du
873 2464 957 2500 roy,
980 2451 1044 2500 qui
1064 2451 1306 2502 tesmoignoit
1321 2461 1510 2489 comment
1528 2452 1552 2489 il
1572 2466 1641 2490 ve-

242 2511 324 2548 noit
345 2524 388 2546 etz
408 2525 451 2547 sa
465 2524 660 2559 personne,
682 2518 718 2547 et
738 2510 846 2547 estoit
871 2523 917 2546 en
943 2509 1092 2547 chemin
1122 2512 1142 2546 a
1169 2519 1249 2547 tout
1268 2511 1387 2561 grand
1414 2512 1572 2549 nombre
1596 2512 1643 2549 de

243 2583 334 2621 gens
363 2569 545 2613 d’armes,
577 2582 673 2619 pour
703 2577 799 2605 estre
829 2581 877 2605 au
906 2581 1058 2605 secours
1084 2576 1120 2606 et
1149 2569 1246 2618 ayde
1269 2570 1316 2606 de
1345 2570 1586 2621 l'empereur.
1622 2589 1639 2607 ι

247 2630 484 2679 Chroniques,
505 2628 531 2666 l.
559 2631 589 2673 Ι,
615 2641 647 2664 C.
667 2641 751 2663 X111.

298 2691 333 2724 4.
366 2692 417 2724 Le
437 2690 485 2724 23
509 2688 581 2724 mai
603 2690 719 2724 1475.
