1923 3020
680 242 823 276 LIBER
853 239 1078 285 QUINTI'S.
1505 238 1578 271 309

190 327 293 371 stris
315 337 360 371 et
386 328 518 371 terris
543 328 752 389 optimis,
785 343 900 389 quas
925 325 1010 371 sibi
1035 323 1237 387 oppido¹
1263 323 1436 368 vicinas
1461 322 1585 368 idem

192 421 349 449 comes
372 404 681 449 Sancti-Pauli
707 414 943 459 tenuera13
972 404 1018 447 in
1055 401 1226 464 quibus
1259 401 1395 445 etiam
1430 399 1590 444 castris

193 480 311 524 illius
336 480 518 524 comitis
541 490 672 524 erant
698 479 929 536 thesauri,
957 479 1038 540 qui
1074 477 1348 541 permaximi
1378 476 1592 521 fereban-

193 566 291 609 tur;
320 571 428 600 nam
461 572 619 601 comes
645 557 742 618 ipsc
776 554 1045 600 insatiabilis
1082 570 1266 617 semper
1303 554 1452 598 fuerat
1482 568 1591 598 ava-

194 633 303 677 ritiae
335 633 439 693 igne
464 648 714 677 succensus
731 669 740 687 ,
761 641 807 676 et
830 630 1140 675 verisimiliter
1172 630 1234 674 ita
1265 646 1364 674 esse
1397 629 1456 674 ab
1481 645 1593 673 oin-

195 707 329 752 nibus
375 707 641 770 putabatur.
695 709 825 762 Quos
874 706 1114 751 thesauros
1168 705 1261 750 dux
1317 715 1596 751 consecutus

194 784 424 828 asseritur.

257 858 344 903 Sed
373 874 567 921 parvum
592 858 685 902 hoc
706 857 871 920 procul
907 855 1054 901 dubio
1094 856 1200 914 fuit,
1241 857 1428 902 alterius
1466 874 1597 902 Conl-

194 935 470 997 paratione,
517 935 564 979 in
612 950 706 996 quo
748 950 825 978 rex
866 932 997 977 ducis
1040 932 1324 978 desiderium
1369 933 1598 997 adimple-

196 1010 274 1056 vit.

261 1088 500 1133 Defecerat
525 1087 583 1132 ab
607 1104 686 1145 eo,
718 1087 781 1131 uti
804 1095 912 1131 ante
938 1085 1162 1142 diximus,
1187 1102 1293 1129 curn
1320 1096 1469 1131 castra
1491 1097 1599 1132 ante

199 1166 406 1210 Nussiam
438 1164 633 1209 liaberet
651 1164 831 1220 adhuc,
856 1173 901 1207 et
918 1162 977 1208 ad
996 1163 1115 1224 regis
1138 1165 1425 1208 Francorum
1449 1174 1601 1226 partes

200 1242 464 1300 transierat,
490 1242 644 1286 multis
682 1239 978 1286 suasionibus
1011 1239 1520 1302 pollicitationibusque
1546 1241 1599 1285 il-

198 1318 365 1375 lectus,
414 1318 724 1378 Lotharingiae
765 1316 857 1362 dux
886 1318 919 1374 '²3
966 1316 1206 1379 multaque
1253 1317 1443 1379 insuper
1491 1317 1600 1363 duci

203 1394 588 1455 Burgundionum
629 1393 674 1437 in
713 1402 834 1438 terra
869 1409 951 1437 sua
992 1391 1390 1454 Luxemburgensi
1414 1393 1601 1455 suisque

198 1470 397 1515 subditis
432 1469 652 1515 intulerat
687 1470 884 1527 (lamna,
909 1469 1183 1531 juvantibus
1219 1486 1327 1515 eum
1363 1469 1603 1515 nonnullis

199 1549 484 1591 Francorum
509 1544 710 1590 ducibus
733 1555 872 1608 atque
891 1546 1029 1591 etiam
1054 1545 1338 1608 quibusdam
1363 1545 1603 1592 nobilibus

199 1633 328 1668 terrae
361 1623 612 1668 Barrensis.
656 1622 790 1667 Unde
834 1639 941 1666 cum
981 1631 1174 1686 propter
1204 1622 1302 1668 haec
1340 1632 1385 1668 et
1417 1633 1601 1687 ruptam

200 1700 367 1758 tidem,
397 1716 538 1762 quam
564 1699 672 1744 duci
695 1709 988 1745 sacramento
1007 1709 1114 1745 ante
1140 1699 1435 1759 firmaverat,
1464 1702 1599 1746 valde

201 1776 284 1820 sibi
311 1792 476 1821 exosus
504 1776 663 1820 fuisset
691 1776 921 1833 redditus,
948 1793 974 1822 a
1005 1793 1136 1839 rege,
1164 1777 1286 1822 inter
1308 1776 1397 1822 alia
1423 1777 1595 1833 multa,

198 1862 478 1897 consecutus
499 1861 565 1896 est
585 1861 634 1896 ut
654 1868 779 1911 euni,
795 1853 938 1898 veluti
959 1853 1223 1916 expositum
1242 1852 1424 1915 praedae,
1448 1853 1599 1898 eidem

199 1929 306 1973 duci
345 1928 687 1990 derelinqueret
715 1946 722 1972 ε
757 1929 821 1974 sic
851 1929 979 1991 quod
1000 1967 1010 1988 7
1035 1930 1073 1974 si
1097 1938 1241 1974 terras
1274 1945 1405 1986 suas,
1437 1929 1603 1976 Lotha-

204 2007 399 2068 ringias³
424 2007 596 2052 scilicet
627 2016 672 2051 et
711 2008 984 2053 comitatum
1010 2006 1598 2062 Validoru1n-Montium⁴‚

255 2168 293 2204 4.
315 2167 514 2202 Peut-etre
538 2179 599 2200 suo
616 2167 773 2213 oppz'd0;
800 2165 893 2200 mais
910 2164 1002 2200 dans
1016 2173 1099 2201 tous
1117 2164 1170 2200 les
1190 2176 1265 2210 cas,
1282 2177 1356 2213 que
1376 2167 1512 2213 oppido
1534 2166 1606 2202 soit

202 2224 367 2261 advcrbe
382 2238 431 2260 ou
451 2223 662 2269 substantif,
684 2223 844 2259 l⁷auteur
860 2223 923 2258 fait
942 2223 1103 2260 allusion
1123 2224 1169 2260 ici
1186 2236 1232 2259 au
1253 2223 1410 2260 chateau
1428 2223 1474 2261 de
1490 2227 1600 2272 Ham,

203 2283 393 2319 residence
417 2282 607 2319 ordinaire
634 2282 684 2318 du
711 2280 950 2318 connetable.
982 2285 1107 2318 L’acte
1130 2281 1361 2318 additionnel
1389 2282 1455 2319 des
1482 2286 1605 2320 treves

202 2341 350 2391 specifie
371 2340 573 2377 l'aliandon
595 2340 659 2376 des
681 2339 865 2375 chitteaux
888 2348 923 2375 et
944 2348 1059 2377 terres
1077 2341 1122 2376 de
1140 2342 1252 2386 Ham,
1270 2340 1414 2377 Bohain
1435 2350 1471 2378 et
1489 2345 1606 2379 Beau-

203 2400 339 2438 revoir.
360 2400 516 2450 Lenglet
537 2399 770 2448 Dulresn0y‚
790 2402 1006 2445 Commines,
1028 2409 1054 2440 t,
1076 2403 1145 2442 III,
1172 2413 1209 2450 p.
1237 2402 1328 2436 424.

257 2462 293 2496 2.
327 2458 538 2504 Ci—dessus,
560 2472 596 2507 p.
623 2461 710 2494 343.

257 2522 292 2555 3.
325 2519 353 2554 Il
374 2531 398 2566 y
417 2518 517 2554 avait
543 2517 642 2554 deux
667 2518 865 2554 Lori-aines
884 2533 890 2553 :
915 2519 1007 2555 celle
1027 2518 1073 2554 de
1092 2518 1229 2568 langue
1251 2519 1433 2567 francaise
1452 2528 1486 2556 et
1513 2521 1607 2557 celle

204 2578 249 2614 de
271 2578 407 2628 langue
430 2577 662 2622 allemande,
682 2590 723 2614 ce
753 2578 817 2627 qui
843 2587 932 2628 peut
957 2578 1118 2625 justifier
1133 2579 1415 2629 Lotlzaringim,
1445 2581 1465 2615 a
1486 2580 1609 2617 moins

204 2636 414 2687 cependant
433 2636 524 2686 qu'il
545 2649 593 2673 ne
615 2636 714 2673 faille
738 2638 1030 2686 Lotlzarsngscas.

257 2698 293 2731 4.
325 2699 377 2732 Le
397 2695 518 2732 comte
546 2694 591 2730 de
613 2695 861 2731 Vaudemont.

417 2781 448 2802 11
1347 2771 1395 2803 24
