1923 3020
676 241 817 275 LIBER
845 241 1083 287 QUARTUS.
1504 243 1577 277 323

178 342 477 390 suppressum
496 336 539 371 et
565 343 694 390 paene
718 330 998 374 exstinctum
1017 338 1060 374 et
1079 327 1399 385 obliteratum,
1416 329 1577 374 denuo

178 403 529 459 instauraretur,
564 412 608 447 et
634 420 729 447 non
762 404 857 448 dux
882 404 1100 467 amplius,
1138 403 1219 449 sed
1250 420 1329 449 rex
1369 406 1579 464 Burgun-

179 478 265 524 diae
289 477 616 540 appellaretur,
644 495 811 541 magna
835 480 1182 543 prosecutionis
1208 480 1428 525 instantia
1452 480 1578 543 apud

180 555 419 619 praefatum
455 553 785 616 imperatorem
821 573 1025 619 suosque
1066 557 1246 601 institit.
1296 559 1347 601 In
1398 565 1580 602 tantum

181 645 291 676 vero
327 629 452 692 apud
485 630 640 693 ipsum
675 634 963 692 Augustum,
1002 649 1194 677 suarum
1224 633 1444 678 instantia
1469 649 1585 696 pre-

180 723 287 752 cum
327 722 515 768 suaeque
554 707 885 752 munificentiae
931 708 1123 766 officiis,
1171 707 1343 769 quibus
1379 709 1587 755 honores

181 798 311 846 paene
336 783 518 828 assidue
542 783 696 828 eidem
720 783 995 840 exhibebat,
1018 784 1170 829 effecit
1191 795 1331 847 atque
1355 784 1584 845 obtinuit,

183 868 232 903 ut
271 859 366 904 suis
406 859 646 906 desideriis
683 859 742 905 ab
770 860 993 905 omnibus
1024 860 1178 924 palam
1215 878 1324 906 eum
1365 863 1588 908 assentire

184 935 478 997 vulgaretur,
526 936 852 999 facturumque
893 954 1002 982 eum
1045 954 1234 999 regem,
1286 948 1425 1001 atque
1461 940 1588 1001 regio

184 1013 446 1060 diademate
480 1013 767 1076 sceptrisque
787 1013 1022 1075 regalibus
1052 1013 1208 1076 ipsum
1236 1015 1586 1076 insigniturum,

184 1091 242 1138 ab
289 1091 512 1136 omnibus
570 1091 669 1136 sine
712 1091 868 1154 aliqua
909 1090 1201 1136 haesitatione
1236 1101 1496 1154 putaretur.
1538 1093 1588 1138 ld

184 1170 310 1215 eniin
354 1170 450 1233 ipse
490 1173 721 1231 Augustus
763 1185 811 1214 se
853 1169 1087 1213 facturum
1128 1167 1278 1213 suerat
1322 1169 1588 1231 pollicitus;

185 1247 401 1307 adeoque
424 1262 496 1290 res
525 1254 831 1308 processerat,
860 1254 911 1289 ut
945 1244 1066 1302 dies,
1107 1245 1167 1290 ad
1194 1254 1332 1290 tautae
1370 1246 1437 1291 rei
1469 1245 1590 1291 cele-

186 1322 402 1368 britatem
426 1321 782 1386 perficiendam,
811 1331 1079 1384 acceptatus
1112 1331 1408 1384 statutusque
1432 1321 1586 1368 fuerit.

186 1402 288 1446 Jam
309 1416 420 1445 sane
444 1399 503 1444 ad
526 1399 785 1462 perfectum
806 1398 1089 1462 perduxerat
1109 1399 1348 1444 variorum
1368 1398 1593 1462 opificum

187 1493 371 1536 manus,
398 1493 481 1539 per
506 1485 652 1521 totam
690 1475 857 1521 urbem
893 1475 1146 1532 Treverim,
1183 1491 1432 1535 coronam,
1462 1492 1593 1540 scep-

188 1563 330 1612 trum,
352 1552 535 1610 vexilla,
563 1562 728 1612 vestes,
758 1562 1017 1615 caeteraque
1046 1552 1262 1614 iusignia,
1293 1553 1481 1615 quibus,
1510 1554 1594 1617 qui

189 1631 248 1678 de
271 1647 398 1676 novo
421 1629 652 1677 creandus
675 1646 754 1676 rex
767 1629 826 1676 ab
840 1629 1064 1676 omnibus
1085 1630 1464 1694 exspectabatur,
1492 1631 1598 1677 insi·

189 1708 419 1771 gniendus
448 1707 785 1770 ornandusque
819 1717 954 1753 esset.
998 1710 1050 1752 In
1082 1708 1182 1770 ipsa
1213 1708 1353 1753 etiam
1381 1707 1593 1770 ejusdem

191 1784 320 1830 urbis
346 1783 538 1829 ecclesia
566 1784 761 1846 majore,
785 1784 831 1829 in
851 1799 945 1846 qua
964 1783 1273 1829 ordinabatur
1298 1783 1591 1838 solemnitas,

190 1861 354 1926 perfici
387 1861 555 1907 fecerat
584 1862 681 1925 ipse
706 1864 938 1922 Augustus
961 1860 1159 1906 thronos
1184 1870 1229 1906 ct
1254 1859 1506 1905 tribunalia
1530 1860 1595 1905 fa-

191 1937 360 1983 bricari
397 1947 442 1983 et
480 1937 615 1999 erigi3
653 1954 945 2000 praesensque
967 1937 1274 2000 personaliter
1301 1936 1495 1980 affuerat
1535 1936 1595 1982 ad

191 2015 542 2079 disponendum
565 2025 610 2061 et
634 2015 1020 2079 praecipiendum,
1050 2031 1145 2076 quo
1178 2015 1226 2058 in
1260 2012 1367 2058 loco
1401 2022 1447 2057 et
1480 2028 1596 2074 qua-

192 2093 294 2138 liter
345 2093 671 2155 hujuscemodi
712 2092 966 2155 imperialis
1009 2100 1148 2152 atque
1186 2090 1321 2151 regiae
1360 2089 1597 2151 dignitatis

193 2170 308 2216 solia
330 2180 468 2233 atque
491 2170 652 2216 sedilia
676 2169 903 2214 deberent
937 2167 1176 2213 collocari.
1218 2169 1421 2229 Rogatus
1455 2168 1595 2212 etiam

195 2247 341 2292 suerat
375 2248 591 2292 Metensis
620 2247 891 2309 episcopus,
934 2246 1016 2308 qui
1040 2255 1085 2290 et
1107 2261 1154 2290 se
1190 2244 1367 2290 adhoc
1404 2261 1596 2308 prorsus

194 2333 504 2386 proeparatum
537 2324 722 2378 fecerat,
764 2332 812 2367 ut
846 2322 1090 2367 missarum
1125 2321 1355 2366 solemnia
1378 2330 1422 2366 et
1458 2337 1596 2366 sacrae

195 2400 402 2446 officium
428 2400 661 2444 unctionis
696 2399 886 2444 haberet
922 2398 1154 2443 celebrare
1180 2407 1319 2460 atque
1352 2396 1592 2461 perlicere.

259 2477 349 2522 Sed
387 2475 530 2522 heusl
586 2492 728 2539 quam
766 2476 896 2522 facile
932 2485 976 2521 et
1007 2492 1062 2521 ex
1092 2484 1337 2520 momento
1365 2473 1599 2520 vertibiles

195 2564 301 2602 sunt
329 2565 372 2600 et
402 2553 649 2600 variabiles
672 2554 923 2599 hominum
948 2554 1229 2610 voluntates,
1264 2561 1309 2597 et
1341 2567 1482 2614 quam
1515 2550 1600 2596 fra-

195 2632 306 2695 giles
329 2641 437 2677 sunt
460 2631 728 2688 hominum,
756 2641 800 2676 et
826 2631 1092 2694 principum
1112 2629 1331 2685 maxime,
1360 2627 1601 2674 confoede-

196 2708 399 2751 rationes
430 2716 473 2751 et
502 2706 730 2763 amicitiae,
761 2722 863 2768 quae
893 2721 990 2750 non
1025 2704 1195 2750 fuerint
1224 2702 1396 2748 Christi
1420 2702 1599 2764 glutino
