1923 3020
308 259 355 293 92
667 256 858 292 HISTORI
866 257 1003 291 ARUM
1032 256 1268 292 LUDOVICI
1298 257 1348 293 Xl

305 344 571 388 denotasset
608 341 908 401 criminibUS,
950 352 1180 404 quatenus
1217 342 1360 388 iidem
1396 344 1518 406 capti
1553 345 1704 393 eidem

307 420 396 481 regi
435 420 791 464 restituerentur
819 437 826 463 :
854 418 914 464 ad
950 436 1110 482 quem,
1150 420 1184 464 si
1225 419 1339 481 quid
1378 419 1703 483 deliquissent,

307 511 401 538 non
423 494 483 539 ad
503 494 663 553 alium,
691 495 943 540 criminum
967 506 1107 558 atque
1131 495 1409 541 delictorum
1433 497 1640 557 cognitio
1664 509 1708 544 et

307 571 490 632 punitio
515 581 724 633 spectare
748 570 991 616 deberent.

368 649 488 692 Cum
511 658 668 693 autem
696 648 787 694 illic
810 665 972 694 coram
995 649 1198 695 adstaret
1223 650 1320 713 ipse
1345 666 1502 695 comes
1526 660 1569 694 et
1595 667 1707 714 prae-

303 741 409 769 sens
438 741 530 770 suae
556 726 843 771 accusationi
873 725 1117 783 adfuisset,
1147 727 1341 789 supplex
1369 737 1548 790 patrem
1574 744 1707 788 roga-

304 801 365 845 vit
400 810 632 863 quatenus
662 802 749 846 sibi
783 801 967 864 objecta
993 802 1189 847 crimina
1217 803 1535 865 expurgandi,
1567 819 1707 865 seque

303 878 505 940 legitime
526 879 811 925 defendendi
836 880 1061 924 tribueret
1083 880 1316 924 licentiam
1345 890 1387 925 et
1419 880 1701 926 facultatem.

303 957 407 1010 Qua
438 956 479 1001 ei
512 972 756 1013 concessa,
791 955 914 1002 illico
948 955 1132 1016 objecta
1159 954 1246 999 sibi
1272 957 1465 1001 crimina
1493 967 1708 1019 potenter

303 1031 481 1077 diluere
500 1069 511 1091 ,
534 1032 755 1095 nullaque
784 1033 944 1095 ipsius¹
968 1032 1067 1077 fore
1097 1031 1344 1077 ostendere
1367 1033 1561 1078 curavit.
1582 1036 1707 1078 Con-

304 1107 528 1154 fessiones
560 1117 714 1153 tamen
752 1125 968 1167 reorum,
1002 1108 1175 1153 honori
1211 1124 1408 1170 parcens
1441 1109 1583 1170 regis,
1620 1111 1705 1155 mi-

305 1185 430 1230 nime
470 1195 581 1230 tunc
623 1184 905 1248 publicavit,
950 1185 1030 1229 sed
1075 1184 1330 1229 verborum
1371 1201 1447 1230 eas
1485 1186 1708 1249 obtegens

304 1262 600 1318 velamentis,
637 1261 749 1305 dixit
778 1278 849 1319 se,
884 1260 945 1305 ob
980 1261 1136 1323 aliqua
1164 1277 1268 1323 quae
1298 1260 1591 1308 admisissent
1619 1264 1707 1309 cri-

304 1338 451 1393 mina,
484 1338 529 1382 in
557 1348 679 1383 terra
713 1337 854 1399 patris
885 1338 978 1396 sui,
1014 1336 1290 1394 Hollandia,
1326 1353 1406 1383 eos
1441 1338 1707 1401 apprehen-

303 1415 447 1472 disse,
477 1416 754 1476 vinctosque
780 1431 867 1477 pro
899 1413 1173 1475 hujusmodi
1204 1424 1385 1477 patrem
1415 1431 1551 1459 suum
1581 1415 1708 1478 ipsos

302 1501 476 1536 tenere.
516 1491 815 1537 Hollandiam
847 1500 974 1536 extra
999 1507 1196 1553 regnum
1225 1501 1269 1537 et
1300 1492 1418 1553 regis
1447 1507 1544 1536 esse
1572 1491 1708 1537 ditio-

303 1585 435 1626 nem,
471 1585 556 1614 nec
589 1585 743 1631 regem
777 1569 824 1613 in
860 1569 935 1613 illa
971 1578 1119 1626 terra,
1155 1585 1258 1630 quae
1284 1567 1343 1613 de
1376 1568 1579 1631 Imperio
1611 1579 1704 1627 est,

305 1644 451 1690 ullum
491 1644 667 1691 hahere
707 1645 975 1690 dominium
1015 1662 1093 1690 seu
1129 1644 1506 1706 jurisdictionem
1540 1663 1548 1690 :
1584 1645 1708 1692 unde

302 1739 486 1778 eorum,
515 1738 617 1785 quae
642 1722 733 1767 illic
756 1722 1071 1778 admisissent,
1100 1721 1158 1767 ad
1183 1730 1365 1784 patrem
1389 1737 1526 1765 suum
1550 1723 1709 1782 cogni-

303 1799 480 1844 tionem
506 1809 548 1844 et
569 1799 796 1860 justitiam
822 1799 1078 1861 pertinere,
1107 1814 1248 1861 quam
1274 1798 1468 1856 eisdem,
1497 1798 1594 1843 sine
1616 1798 1707 1844 ulla

302 1876 487 1937 injuria,
512 1875 770 1920 exhiberet.
796 1876 906 1935 Regi
920 1876 1115 1920 minime
1135 1875 1383 1920 molestum
1400 1891 1497 1921 esse
1515 1875 1703 1935 debere,

303 1951 334 1995 si
363 1952 460 2015 ipse
484 1953 667 2013 genitor
690 1969 800 1997 suus
818 1953 923 2013 jura
949 1968 1048 2010 sua,
1077 1952 1216 1997 etiam
1238 1962 1470 1997 terrarum
1496 1967 1702 2010 suarum,

302 2038 508 2074 servaret
536 2038 581 2073 et
609 2029 883 2074 custodiret.
916 2029 1090 2090 Adjecit
1116 2038 1275 2074 antem
1305 2045 1352 2074 se
1378 2027 1535 2073 mirari
1558 2028 1708 2090 pluri-

302 2120 462 2161 mum,
507 2122 651 2167 qnam
697 2105 760 2150 oh
800 2121 989 2150 causam
1034 2105 1189 2168 ipsum
1236 2121 1313 2150 rex
1359 2104 1477 2149 adeo
1513 2120 1706 2150 exosum

303 2179 519 2238 liaberet,
552 2192 597 2227 et
625 2182 908 2228 malevolum
934 2198 982 2226 se
1006 2182 1052 2226 in
1083 2198 1191 2227 enm
1216 2181 1465 2237 indicaret3
1497 2197 1706 2227 asserens

303 2257 562 2318 genitorem
585 2276 722 2304 suum
745 2259 816 2304 vel
840 2276 951 2304 suos
972 2258 1060 2304 tale
1079 2258 1242 2304 odium
1264 2269 1310 2304 et
1329 2257 1706 2305 malevolentiam

303 2350 546 2395 nunquam
568 2336 692 2397 apud
716 2353 872 2397 regem
894 2336 1031 2381 fuisse
1051 2337 1354 2399 promeritos,
1378 2334 1460 2380 sed
1478 2336 1705 2397 majestati

302 2425 394 2454 suae
409 2426 592 2471 semper
613 2411 812 2456 fideliter
830 2420 874 2456 et
894 2411 1075 2456 sincere
1095 2413 1266 2457 servire
1287 2411 1489 2456 voluisse
1506 2420 1551 2456 et
1568 2411 1705 2456 vehe-

304 2495 485 2531 menter
522 2495 722 2547 optasse.
769 2491 821 2531 Et
857 2504 914 2531 ne
951 2486 1328 2532 malevolentiam
1367 2497 1506 2549 atque
1542 2486 1704 2532 odium

304 2561 631 2624 hujuscemodi
661 2562 732 2606 vel
756 2564 1050 2625 confingere,
1078 2563 1151 2608 vel
1187 2563 1275 2608 levi
1305 2562 1533 2609 duntaxat
1556 2562 1703 2625 suspi-

359 2736 393 2770 1.
428 2734 551 2771 Plutot
568 2739 728 2783 penitus.
