1923 3020
716 239 859 274 LIBER
884 237 1125 283 QUARTUS.
1547 237 1620 272 309

223 326 314 371 loci
345 326 526 372 accolas
552 342 773 371 accensus
793 364 804 381 ‚
843 325 938 370 imo
962 325 1119 388 potius
1149 322 1444 387 perdendum
1476 331 1520 368 et
1545 339 1621 368 ex-

224 403 503 458 cidendum,
531 402 796 465 Philippum
815 401 873 447 de
888 401 1122 446 Sabaudia
1141 436 1150 457 ,
1170 400 1391 445 comitem
1414 399 1614 455 Brixiae¹‚

223 496 330 526 cum
355 477 508 523 valida
530 495 671 524 manu
702 479 907 541 primum
935 478 1118 523 direxit.
1144 477 1234 534 Qui
1260 477 1338 522 illo
1362 476 1620 522 adventans

223 558 344 602 circa
368 557 536 599 Ramos
562 556 872 611 Palmarum2’,
896 565 1044 600 castra
1066 564 1110 599 et
1136 553 1435 599 obsidionem
1456 553 1512 599 ad
1536 569 1621 617 op-

223 632 387 696 pidum
408 631 603 692 posuit3.
644 634 692 676 In
720 648 816 693 quo
840 640 1109 676 constanter
1132 641 1175 675 et
1199 630 1392 675 viriliter
1419 647 1497 675 rex
1522 630 1620 692 ipse

225 712 487 768 Aragonum
512 707 690 752 inedias
713 717 757 752 et
781 706 987 770 pericula
1011 706 1270 751 obsidionis
1303 707 1586 769 exspectavit
1607 741 1617 760 ‚

220 793 264 830 et
284 783 344 828 ad
371 783 441 828 sui
468 782 791 828 defensionem
816 783 939 827 cives
959 782 1211 845 plurimum
1235 782 1476 829 animavit.
1499 784 1618 840 Qui,

221 876 329 905 cum
360 876 456 904 non
493 859 636 904 nescii
671 868 855 916 essent,
884 857 1022 919 quale
1060 858 1148 920 ipsi
1184 874 1293 902 cum
1324 875 1409 903 suo
1443 859 1623 922 oppido

222 946 359 999 atque
397 935 572 981 laribus
606 935 842 981 inventuri
877 934 1070 979 exitium
1097 944 1275 992 essent,
1306 935 1340 979 si
1376 952 1423 980 se
1451 937 1625 998 ignavi-

221 1023 291 1059 ter
313 1014 569 1076 expugnari
599 1012 921 1075 permitterent
956 1010 1089 1073 (satis
1126 1010 1267 1056 etiam
1302 1028 1410 1074 erga
1444 1029 1492 1058 se
1521 1014 1623 1059 ani-

223 1106 355 1134 mum
390 1089 508 1151 regis
529 1092 835 1145 Francorum,
864 1103 890 1133 a
913 1104 1009 1150 quo
1036 1085 1331 1145 defecerant,
1363 1097 1622 1151 spectatum

223 1165 476 1222 habentes,
509 1167 590 1228 qui
619 1182 712 1210 suae
737 1165 908 1209 militiae
939 1163 1141 1209 ducibus
1165 1163 1411 1209 mandasse
1444 1164 1623 1211 fereba-

224 1252 314 1301 tur,
347 1252 577 1305 quatenus
596 1242 827 1305 oppidum
848 1241 895 1285 in
914 1241 1127 1286 flammas
1150 1240 1317 1285 darent
1337 1250 1382 1286 et
1400 1241 1619 1302 cineres),

224 1319 330 1364 totis
358 1319 536 1364 viribus
572 1319 631 1364 ad
660 1317 970 1364 resistendum
997 1334 1045 1362 se
1075 1316 1336 1375 dederunt,
1365 1318 1512 1381 parati
1539 1335 1624 1381 po-

222 1395 311 1441 tius
335 1412 530 1459 quaeque
553 1406 759 1442 extrema
782 1396 878 1459 pati
894 1394 1113 1440 laborum
1137 1430 1147 1452 ,
1169 1394 1432 1457 vigiliarum
1452 1431 1462 1453 ,
1491 1395 1623 1440 famis

221 1482 265 1517 et
288 1472 627 1536 cujuscumque
660 1473 886 1536 periculi,
919 1488 1063 1535 quam
1089 1471 1220 1534 quod
1243 1488 1290 1517 se
1316 1471 1374 1516 ab
1409 1471 1622 1518 hostibus

221 1549 482 1595 vincendos
504 1559 644 1612 atque
664 1549 954 1611 subigendos
978 1549 1319 1612 permitterent.

288 1626 454 1684 Unde,
499 1645 607 1674 cum
648 1628 708 1674 ad
735 1627 1078 1692 opprimendos
1108 1644 1189 1674 eos
1208 1662 1218 1681 ‚
1248 1644 1358 1673 cum
1393 1628 1470 1675 illa
1498 1629 1617 1675 mili-

222 1714 323 1750 tum
370 1721 546 1763 manu,
585 1721 729 1768 quam
764 1705 982 1768 praefatus
1019 1721 1178 1751 comes
1216 1705 1376 1750 Brixiae
1413 1706 1620 1768 primum

220 1780 481 1827 adduxerat
504 1818 514 1835 ,
563 1784 701 1827 etiam
747 1781 836 1827 alia
878 1781 1016 1843 longe
1067 1781 1216 1842 major
1266 1791 1359 1826 tam
1411 1782 1622 1843 equitum

220 1873 362 1920 quam
403 1857 615 1921 peditum
651 1874 678 1904 a
709 1861 998 1904 Francorum
1031 1874 1138 1919 rege
1173 1857 1251 1902 illo
1289 1856 1447 1903 fuisset
1483 1857 1624 1903 desti-

220 1943 329 1980 nata
352 1936 368 1996 (
390 1935 453 1980 ita
475 1934 606 1997 quod
625 1935 853 1980 exercitus
872 1936 1026 1980 omnis
1049 1938 1337 1980 Francorum
1355 1933 1415 1979 ad
1439 1934 1624 1995 triginta

220 2011 363 2057 millia
396 2011 679 2057 bellatorum
716 2022 795 2058 aut
827 2012 1027 2076 amplius
1056 2011 1307 2057 ascendere
1339 2010 1616 2072 diceretur),

221 2096 347 2133 tanta
377 2098 666 2134 armatorum
695 2089 870 2135 obsessi
895 2087 1226 2147 multitudine,
1255 2088 1335 2150 qui
1360 2088 1406 2132 in
1441 2089 1621 2152 oppido

221 2174 351 2209 erant
372 2201 382 2223 ,
406 2164 505 2210 dira
530 2165 649 2210 fame
673 2165 1024 2228 plurimumque
1060 2181 1216 2210 rerum
1252 2166 1620 2211 necessariarum

221 2239 380 2303 inopia
402 2241 538 2286 valde
570 2242 743 2303 fatigati
775 2242 989 2299 fuerunt3
1023 2242 1083 2287 ita
1109 2242 1248 2287 etiam
1273 2251 1323 2287 ut
1352 2241 1413 2287 ad
1439 2242 1619 2288 abomi-

275 2367 290 2401 1
305 2396 312 2404 .
328 2365 501 2415 Philippe
521 2365 567 2402 (16
590 2365 740 2411 Savoie,
757 2374 879 2403 comte
895 2366 941 2403 de
956 2368 1102 2412 Bresse,
1117 2366 1340 2405 beau-frere
1356 2367 1403 2405 de
1419 2369 1534 2406 Louis
1549 2371 1618 2406 XI.

273 2426 309 2460 2.
342 2426 488 2474 PAques
512 2424 682 2462 tombant
701 2433 796 2462 cette
820 2426 999 2462 anssec—la
1020 2426 1054 2462 le
1079 2428 1126 2462 118
1146 2427 1257 2464 avril.

275 2486 310 2520 3.
344 2500 359 2516 «ι
389 2486 421 2519 Α
443 2492 568 2520 monte
592 2485 693 2520 Pinae
721 2497 840 2534 usque
866 2484 913 2522 ad
944 2494 1107 2522 montem
1128 2486 1363 2533 Johannem3
1386 2496 1423 2524 et
1450 2500 1497 2524 ex
1518 2497 1624 2538 parte

219 2542 306 2588 alia,
324 2555 343 2578 a
364 2542 477 2579 domo
497 2543 729 2579 commandae
750 2544 796 2581 de
816 2544 970 2591 Basalis,
991 2558 1075 2594 quae
1093 2553 1181 2582 tunc
1195 2546 1409 2583 condirecta
1425 2560 1628 2596 perinane-

220 2600 297 2647 bat,
322 2601 371 2638 ad
396 2602 580 2651 rnpellain
613 2605 735 2639 Beatae
758 2603 886 2640 Mariae
906 2603 951 2640 de
975 2604 1152 2653 Aquello.
1182 2623 1196 2636 »
1228 2605 1402 2641 Relation
1432 2605 1481 2642 du
1504 2607 1621 2657 siege,

219 2674 287 2710 par
310 2664 398 2698 Ant.
426 2663 575 2708 Passot,
606 2661 752 2699 notaire
775 2662 821 2699 de
845 2663 1080 2713 Perpigmm,
1106 2664 1200 2702 dans
1227 2664 1261 2701 le
1287 2664 1439 2701 Recueil
1474 2664 1520 2702 de
1552 2667 1624 2702 Le-

217 2719 354 2770 grand,
374 2729 399 2758 t.
423 2723 516 2757 XXI
538 2724 646 2765 (mss.
671 2721 772 2758 dela
791 2721 889 2759 Bibl.
912 2722 1037 2773 imp).
