1923 3020
729 227 873 263 LIBER
900 226 1096 262 PRIMUS.
1563 221 1610 256 59

221 318 378 381 spoliis
402 331 565 362 eorum
589 329 694 360 suas
717 329 830 376 opes
853 312 1154 373 adaugerent.
1182 309 1372 356 Minime
1392 324 1505 353 vero
1527 306 1614 351 illis

222 410 339 457 opus
363 402 462 438 erat
487 401 537 436 ut
561 406 726 438 eorum
750 389 1005 435 adventum
1028 388 1148 433 votis
1173 393 1460 449 expeterent.
1498 383 1615 428 Satis

221 469 348 514 enim
383 482 618 529 superque
658 465 766 511 satis
800 465 933 509 citius
974 463 1034 508 ad
1073 479 1153 508 eos
1190 461 1432 507 Gallorum
1469 458 1616 504 adfuit

222 545 468 591 adventus.
526 546 657 599 Quos
709 558 817 587 cum
869 541 1142 587 adventasse
1197 538 1524 600 cognovissent
1572 544 1619 580 et

222 622 344 665 intra
370 619 486 664 fines
510 636 619 664 suos
643 618 801 664 adesse
827 617 1069 673 sentirent,
1097 625 1227 662 tanto
1250 624 1358 660 sunt
1382 613 1506 659 illico
1537 628 1617 676 pa-

223 713 335 742 vore
355 696 614 752 conterriti,
638 705 765 740 tanta
788 693 1163 757 pusillanimitate
1186 691 1410 755 percussi,
1436 699 1488 735 ut
1511 705 1618 752 pro-

223 772 345 818 fecto
367 771 521 817 verbis
539 772 631 817 suis
652 770 958 826 tumentibus,
977 768 1198 830 jactantia
1221 768 1319 813 sola
1337 776 1476 829 atque
1497 781 1621 811 arro-

224 851 378 913 gantia
406 848 582 912 plenis,
620 865 785 894 eorum
817 848 933 892 facta
958 844 1224 890 nullatenus
1253 842 1617 906 responderent,

224 926 305 972 sed
326 925 596 971 mulieribus
619 924 878 970 timidiores
900 931 945 968 et
964 920 1204 985 leporibus
1225 919 1498 980 fugaciores,
1524 934 1619 963 non

224 1002 284 1047 de
322 1018 571 1062 congressu
605 1010 683 1046 aut
723 999 1025 1054 defensione,
1067 996 1146 1041 sed
1184 995 1240 1041 de
1275 994 1373 1039 sola
1407 993 1513 1055 fuga
1546 1009 1624 1038 co-

225 1088 436 1142 g1tarent.

665 1259 1000 1303 CAPITULUM
1046 1258 1186 1300 XVII.

356 1396 405 1427 De
420 1393 676 1439 expugnatione
693 1392 819 1426 castelli
836 1391 878 1424 de
896 1392 1035 1424 volone
1052 1399 1085 1424 et
1103 1389 1286 1423 obsidione
1304 1389 1505 1423 Barcinonae

696 1446 739 1478 ab
756 1444 906 1478 exercitu
926 1444 1151 1477 Francorum.

294 1566 430 1611 Initio
460 1582 569 1610 cum
602 1567 871 1626 Pyrenzeum
903 1570 1146 1625 penetrare
1174 1576 1336 1606 versus
1364 1559 1627 1622 Ampurita-

230 1659 362 1701 num,
385 1641 442 1687 ad
460 1657 731 1686 succursum
747 1640 913 1700 reginae
931 1638 1144 1696 obsessae,
1166 1644 1474 1700 properarent
1488 1634 1625 1691 Galli,

230 1735 316 1763 nec
340 1716 541 1774 castella,
569 1732 716 1779 prope
744 1732 846 1778 quse
874 1715 1136 1771 transirent,
1163 1728 1430 1777 expugnare
1455 1727 1631 1774 propo-

230 1804 412 1853 nerent,
436 1810 494 1838 ne
518 1793 634 1838 sorte
654 1809 819 1837 eorum
840 1791 902 1836 ob
929 1808 1031 1836 eam
1048 1807 1148 1836 rem
1166 1789 1419 1835 retardatio
1440 1787 1629 1833 exitium

231 1871 430 1918 obsessis
462 1869 713 1927 attulisset,
747 1869 870 1913 cives
905 1867 1121 1931 oppiduli
1155 1866 1214 1911 de
1244 1864 1468 1922 Volone¹,
1504 1863 1630 1926 quod

232 1957 330 1993 tum
366 1947 494 1992 dives
526 1955 571 1990 et
600 1945 876 2007 opulentum
905 1961 999 2007 prae
1024 1943 1198 1989 coeteris
1221 1951 1316 1987 erat
1339 1949 1446 2004 post
1470 1941 1631 2004 Perpi-

232 2025 444 2081 nianum,
472 2024 519 2068 in
545 2022 771 2068 comitatu
798 2021 1084 2077 Rossilionis,
1110 2036 1218 2064 cum
1242 2035 1388 2081 prope
1413 2032 1492 2063 eos
1515 2033 1632 2062 non-

234 2100 349 2146 nulli
382 2099 626 2145 Gallorum
662 2097 932 2155 transirent,
967 2106 1035 2142 tot
1068 2112 1148 2141 eos
1181 2095 1238 2140 de
1273 2095 1364 2140 suis
1397 2093 1632 2139 moenibus

233 2186 372 2239 atque
395 2176 542 2239 portis
566 2172 860 2219 contumeliis
882 2183 927 2218 et
950 2172 1129 2234 injuriis
1152 2171 1474 2229 lacessierunt,
1501 2170 1633 2232 quod

233 2269 314 2298 eos
336 2253 506 2297 invitos
530 2249 907 2314 quodammodo,
937 2250 1100 2313 procul
1123 2248 1269 2294 dubio
1289 2248 1334 2293 in
1355 2248 1423 2293 sui
1444 2247 1633 2293 exitium

233 2330 548 2374 concitarunt.
584 2331 686 2372 Non
716 2326 920 2371 valentes
949 2327 1075 2371 enim
1100 2325 1267 2371 milites
1294 2334 1389 2369 tam
1417 2323 1634 2369 molestas

237 2406 357 2451 ultro
382 2404 704 2461 contumelias,
732 2413 800 2448 tot
825 2404 1037 2448 convicia
1057 2413 1195 2466 atque
1216 2402 1391 2466 probra
1409 2400 1631 2464 perferre,

235 2482 294 2528 ad
318 2499 397 2527 eos
421 2482 757 2545 expugnandos
778 2481 991 2544 protinus
1015 2480 1346 2526 admoverunt.
1372 2477 1514 2535 Quod
1540 2486 1634 2522 tam

236 2558 439 2603 breviter
469 2559 723 2603 effecerunt
756 2558 886 2617 (licet
909 2567 1102 2620 perante
1127 2555 1464 2602 munitissimos
1495 2570 1636 2616 repu—

294 2703 328 2737 1.
359 2703 411 2737 Le
430 2699 563 2737 Bolou.
