1923 3020
239 245 285 279 72
594 244 933 280 HISTORIARUM
962 246 1095 282 LUDO
1103 247 1197 283 VICI
1224 248 1281 282 XI

236 331 470 377 ablatione
494 346 602 375 eum
625 329 860 376 retrahere
885 329 1024 377 bonis
1051 341 1097 377 et
1119 331 1385 379 salubribus
1410 334 1636 380 monitio-

237 407 374 452 nibus
402 415 704 451 conarentur.
737 408 864 462 Quas
893 407 957 453 ita
990 424 1135 471 parvo
1164 410 1407 455 aestimavit
1441 419 1491 455 ut
1520 410 1637 455 nihil

237 498 450 546 prorsiffi,
491 482 579 527 nisi
613 482 672 527 de
705 499 788 528 sua
823 483 1120 546 exsequenda
1155 485 1436 548 cupiditate,
1473 502 1637 533 curare

237 560 512 605 videretur¹.
551 563 620 604 An
657 575 770 605 vero
806 561 1114 623 postmodum
1151 562 1368 608 eamdem
1403 579 1637 609 summam

235 637 503 696 restituerit,
532 636 672 682 nobis
697 654 792 682 non
820 638 927 683 satis
954 648 1021 684 est
1044 642 1385 702 compertum².
1416 643 1518 686 Hoc
1549 642 1636 686 sci-

236 731 337 759 mus
370 713 524 776 quod,
552 713 660 759 licet
684 730 712 759 a
739 713 911 777 quibus
939 725 1102 761 mutua
1130 716 1438 779 exposcebat,
1471 717 1637 763 eadem

234 790 440 852 legaliter
471 791 535 836 eis
565 790 763 836 reddere
799 791 1122 854 polliceretur,
1163 792 1447 855 quibusdam
1479 803 1635 839 tamen

235 866 382 926 nihil,
417 867 517 912 aliis
542 883 655 912 vero
689 883 798 911 cum
835 866 1150 914 diminutione
1190 879 1235 914 et
1260 869 1438 915 foenore
1475 885 1637 915 everso

236 943 374 989 fuisse
400 944 626 989 restituta.

300 1021 391 1066 Sed
415 1037 474 1065 ne
501 1020 705 1065 fructum
729 1021 800 1065 sui
827 1031 939 1067 tunc
961 1021 1021 1067 ad
1051 1022 1225 1083 regiam
1254 1038 1387 1067 suam
1411 1022 1640 1069 adventus

237 1098 307 1142 vel
340 1097 578 1142 occultare
612 1097 683 1141 vel
725 1097 938 1158 neglectu
977 1099 1212 1160 praeterire
1246 1098 1514 1158 videamur,
1552 1117 1639 1162 pro

238 1173 569 1218 reformatione
590 1173 776 1233 justitiae
800 1174 896 1218 duo
927 1174 992 1219 ibi
1027 1173 1177 1220 edicta
1198 1191 1338 1233 nova,
1361 1185 1405 1221 et
1427 1177 1640 1239 perprius

238 1250 283 1294 in
303 1266 448 1309 regno
468 1250 659 1294 minime
677 1249 854 1303 audita,
874 1250 1021 1296 edidit
1036 1260 1079 1297 et
1094 1251 1323 1314 publicari
1340 1252 1468 1298 fecit:
1494 1270 1640 1298 unum

238 1343 358 1388 quo,
397 1326 483 1371 sub
517 1343 655 1389 poena
688 1326 1037 1373 confiscationis
1074 1329 1287 1391 corporis
1320 1339 1363 1374 et
1403 1329 1642 1375 bonorum

244 1405 257 1422 ²
272 1403 346 1449 tali
381 1405 505 1448 enim
533 1419 672 1465 poena
696 1404 974 1465 quotidiana
997 1421 1079 1449 sua
1103 1405 1326 1451 mandata
1348 1405 1638 1468 sanciebat),

241 1479 539 1525 inhibebatur
559 1479 778 1525 omnibus
803 1481 1067 1542 regnicolis,
1088 1482 1428 1545 cujuscumque
1452 1484 1638 1546 gradus,

240 1567 385 1603 status
413 1567 493 1603 aut
516 1557 800 1604 conditionis
823 1558 1120 1618 exsisterent,
1144 1569 1285 1622 atquc
1320 1560 1461 1606 etiam
1491 1561 1646 1606 nomi-

293 1724 329 1758 1.
366 1740 382 1755 «
402 1724 504 1759 Vous
528 1722 781 1761 mandons....
813 1735 888 1772 que
913 1735 1010 1759 vous
1034 1736 1130 1760 vous
1162 1723 1412 1773 transportiez
1441 1736 1488 1760 en
1518 1732 1645 1762 nostre

240 1795 332 1819 cour
346 1781 393 1819 de
406 1782 636 1827 Parlement,
654 1790 689 1819 et
703 1782 802 1829 illec‚
820 1790 941 1818 tontes
958 1782 1011 1819 les
1027 1781 1226 1819 chambres
1242 1782 1390 1820 d'icelle
1403 1781 1644 1830 asseinblees‚

239 1842 485 1879 remonstriez
516 1841 704 1878 nosdictes
727 1840 931 1878 necessites
954 1849 991 1878 et
1013 1841 1188 1888 affaires,
1212 1850 1249 1878 et
1275 1841 1329 1878 les
1348 1854 1459 1893 grans
1488 1841 1589 1878 desii·
1612 1849 1648 1878 et

238 1900 413 1937 affection
444 1913 517 1950 que
548 1914 668 1937 avons
701 1900 748 1938 de
778 1914 986 1938 recouvrer
1014 1901 1166 1938 lesdites
1195 1909 1337 1948 terres;
1364 1910 1400 1938 et
1425 1901 1513 1951 qu’il
1535 1914 1577 1938 ce
1600 1914 1647 1937 ne

240 1960 442 2009 pourrions
476 1960 623 1997 som-nir
648 1973 734 1996 sans
766 1959 931 2009 prendre
961 1959 1134 1997 lesdictes
1166 1973 1330 1997 sommes
1361 1960 1583 2010 consignees
1613 1968 1649 1996 et

243 2017 425 2067 deposees
455 2027 532 2055 tant
558 2021 597 2055 es
620 2019 741 2055 mains
768 2018 817 2055 du
847 2020 1000 2069 gresfier
1027 2020 1074 2057 de
1103 2019 1216 2056 ladite
1248 2033 1355 2065 cour,
1381 2032 1455 2068 que
1483 2018 1649 2055 d’aulres

241 2090 447 2126 personnes
463 2094 471 2125 3
489 2087 523 2114 ‹¹1.
537 2079 588 2115 les
604 2078 797 2115 exhortiez
812 2092 914 2127 que..
927 2107 953 2115 ..
971 2078 1018 2114 ilz
1035 2078 1215 2115 veuillent
1228 2077 1420 2114 consentir
1433 2090 1506 2125 que
1523 2077 1649 2113 icelles

242 2149 455 2176 somnies...
477 2151 572 2175 nous
595 2139 714 2175 soient
733 2138 891 2176 baillces
912 2147 947 2176 et
965 2138 1167 2185 delivrbes,
1190 2151 1237 2174 en
1256 2138 1339 2174 leur
1355 2136 1496 2173 osfrant
1515 2136 1561 2172 de
1582 2149 1649 2187 par

243 2208 359 2240 nous,
389 2209 486 2244 pour
507 2197 538 2232 la
561 2198 774 2234 restitution
795 2198 961 2234 ‹l'icelles
988 2206 1025 2235 et
1054 2197 1172 2234 deles
1196 2205 1372 2234 reinettre
1404 2198 1442 2232 es
1470 2196 1589 2233 mains
1615 2205 1651 2233 et

241 2254 344 2290 lieux
365 2257 414 2291 ou
435 2256 525 2292 elles*
545 2266 629 2293 sont
651 2258 697 2293 de
718 2258 888 2307 present,
911 2265 1014 2293 toute
1036 2257 1123 2293 telle
1141 2257 1290 2293 seurete
1309 2255 1397 2304 qu'il
1424 2254 1611 2292 semblera
1630 2258 1650 2291 a

240 2313 349 2350 icelle
379 2322 508 2350 nostre
535 2329 629 2350 cour
651 2324 748 2352 estre
779 2318 799 2352 a
831 2317 924 2353 faire
954 2324 990 2352 et
1016 2314 1250 2351 com-enable
1275 2327 1321 2350 en
1342 2321 1441 2350 ceste
1462 2313 1595 2362 partie.
1632 2332 1648 2347 i)

241 2373 490 2410 Commission
512 2373 661 2410 ‹lonnee
684 2388 753 2423 par
772 2375 886 2412 Leuis
905 2378 976 2422 XI,
998 2375 1032 2412 le
1059 2377 1108 2412 ⁶25
1128 2377 1219 2411 aotit
1239 2376 1356 2421 1463,
1381 2373 1540 2424 Lenglet
1564 2376 1651 2410 Du-

243 2432 412 2480 sresnoy,
437 2434 657 2478 Communes,
682 2442 706 2468 t.
733 2436 784 2478 ΙΙ,
807 2448 845 2483 p,
870 2438 960 2471 3053.

298 2493 332 2529 2.
368 2491 398 2527 Il
428 2491 545 2528 existe
579 2504 652 2527 une
681 2493 922 2529 commission
953 2492 1101 2530 ‹lonn‹'=e
1132 2506 1179 2530 en
1211 2494 1333 2530 nieme
1363 2500 1484 2541 temps
1513 2504 1586 2541 que
1618 2492 1653 2529 la

244 2550 473 2600 precedente
506 2553 527 2587 a
556 2564 607 2587 un
636 2563 818 2587 receveur
845 2551 895 2587 du
923 2552 1080 2599 Tra-sor,
1105 2555 1124 2589 ii
1153 2553 1218 2602 qui
1248 2553 1273 2588 il
1305 2560 1359 2588 est
1391 2551 1561 2598 enjoint,
1587 2564 1655 2600 par

244 2609 387 2647 l'ordre
406 2610 440 2647 le
470 2610 554 2661 plus
583 2609 742 2654 absolu,
776 2609 1014 2659 d'ernployer
1039 2613 1058 2646 a
1085 2612 1119 2648 la
1149 2611 1361 2649 restitution
1389 2610 1442 2647 les
1471 2610 1654 2660 preniiers

246 2670 397 2707 deniers
422 2669 513 2720 qu'il
543 2682 739 2720 percevra.
770 2671 1033 2706 Ordonmmces
1056 2672 1120 2705 des
1146 2676 1218 2707 rm's
1241 2673 1288 2706 de
1306 2673 1469 2711 Franco,
1494 2678 1520 2706 t.
1543 2671 1651 2713 XVI,

246 2743 284 2778 p.
309 2732 371 2765 57.
