1923 3020
721 292 860 327 LIBER
888 291 1082 327 PRIMUS.
1552 289 1601 324 35

208 379 353 442 pletes
375 379 632 426 admodum
653 377 772 424 effici
793 377 960 436 solere,
989 377 1099 440 ipsis
1123 375 1264 421 fidem
1284 375 1416 421 dictis
1433 391 1597 421 eorum

209 456 490 502 habentibus
515 456 646 518 (licet
671 455 847 516 majore
873 471 929 500 ex
958 463 1086 517 parte
1114 469 1235 499 vana
1267 462 1405 514 atque
1436 451 1600 497 frivola

209 534 409 594 essent),
445 533 573 577 facile
605 541 849 577 suaserunt
882 540 951 587 ut,
984 530 1150 591 gratias
1185 529 1434 575 habentes¹
1465 528 1599 590 regiae

209 609 467 671 dignationi
507 609 812 672 amplissimas
852 607 910 652 de
942 623 1025 654 sua
1059 607 1234 669 ingenti
1270 606 1515 652 clementia
1548 621 1602 652 ac

208 685 517 746 benignitate,
550 686 702 730 eidem
734 684 1063 730 instantissime
1092 683 1408 747 supplicarent
1439 692 1602 744 quate-

210 779 298 807 nus
329 778 470 807 omne
502 761 827 823 hujuscemodi
862 760 1129 806 officiorum
1162 778 1307 822 genus
1341 760 1528 808 abolere
1560 770 1605 806 et

210 840 499 902 supprimere
531 839 685 895 vellet,
720 855 1068 901 summamque,
1099 855 1241 901 quam
1266 839 1604 902 imponendam

210 914 502 974 decerneret,
530 918 815 978 permitteret
833 915 986 977 colligi
1009 926 1053 961 ct
1076 917 1218 961 levari
1242 933 1324 979 per
1343 927 1606 981 receptores

212 993 477 1054 patrimonii
515 994 584 1038 sui
619 993 773 1055 (quod
803 993 877 1053 jus
917 992 1207 1037 ordinarium
1247 1009 1326 1038 seu
1365 993 1502 1039 fiscus
1537 992 1608 1039 vel

212 1067 488 1115 domanium
521 1070 638 1131 regis
668 1068 973 1132 appellatur),
1012 1084 1271 1130 causasque
1299 1085 1351 1114 ac
1380 1068 1480 1114 lites
1506 1086 1608 1132 quae

211 1144 413 1209 desuper
442 1156 742 1191 nascerentur
774 1145 900 1208 apud
930 1144 1179 1192 tribunalia
1203 1146 1532 1192 vicecomitum
1556 1161 1609 1191 ac

212 1220 491 1267 ballixorum
519 1222 702 1267 tractari
729 1232 774 1267 ct
799 1221 985 1268 deduci.

278 1298 420 1354 Quod
459 1316 568 1343 cum
600 1299 763 1360 majori
799 1299 918 1361 parti
954 1315 1119 1344 eorum
1159 1298 1238 1361 qui
1276 1299 1324 1344 in
1359 1298 1438 1344 illa
1479 1310 1612 1345 erant

213 1376 575 1436 congregatione
627 1375 902 1438 placuisset,
944 1375 1023 1438 qui
1060 1376 1235 1437 majore
1270 1393 1324 1422 ex
1371 1387 1501 1439 parte
1553 1376 1612 1424 de

213 1451 451 1497 advocatis
481 1461 634 1511 erant,
668 1453 906 1513 elegerunt
929 1462 1080 1498 certos
1107 1452 1281 1514 legatos
1306 1469 1425 1515 quos
1453 1453 1512 1499 ad
1539 1470 1610 1500 re-

214 1545 342 1590 gem,
378 1529 458 1591 qui
486 1529 582 1589 *iam
615 1545 670 1574 ex
706 1529 887 1574 Parisiis
921 1529 977 1575 ad
1014 1529 1179 1574 urbem
1211 1532 1532 1576 Turonensem
1564 1548 1612 1577 se

215 1605 497 1662 contulerat,
526 1605 834 1651 destinarunt.
865 1606 978 1665 Qui,
1009 1605 1114 1651 licet
1138 1605 1405 1652 facultatem
1436 1607 1494 1652 de
1520 1607 1611 1653 hoc

215 1697 240 1726 a
264 1682 414 1744 patria
439 1682 631 1727 minime
651 1683 954 1746 accepissent,
984 1691 1156 1741 tamen,
1182 1694 1233 1729 nt
1256 1683 1490 1729 dictorum
1512 1685 1613 1731 offi-

216 1758 398 1803 ciorum
425 1758 693 1805 obtinerent
725 1759 1053 1820 abolitionem,
1088 1777 1230 1823 quam
1264 1761 1333 1806 vel
1362 1762 1511 1807 solam
1538 1763 1610 1808 vel

216 1835 498 1899 praecipuam
539 1836 753 1882 advocati
784 1836 1110 1897 intendebant,
1143 1848 1482 1884 consenserunt
1517 1839 1612 1901 regi

215 1929 300 1975 pro
326 1929 419 1957 uno
444 1929 569 1957 anno
595 1930 826 1959 summam
850 1914 1299 1976 quadringentarum
1322 1915 1447 1961 mille
1474 1915 1613 1963 libra-

218 2005 321 2034 rum
343 1998 541 2034 monetae
560 1990 732 2052 patriae,
750 2000 915 2052 praeter
931 1990 1211 2036 domanium
1231 2008 1387 2037 suum.
1411 1995 1499 2038 Pro
1520 2009 1612 2055 qua

215 2082 356 2129 super
378 2066 669 2129 provinciam
694 2067 995 2129 imponenda,
1022 2067 1220 2113 levanda
1243 2077 1288 2113 et
1315 2068 1606 2131 colligenda,

216 2141 591 2206 deputandisquc
625 2142 683 2187 ad
719 2142 765 2187 id
795 2142 1072 2189 officialibus
1104 2159 1158 2189 ac
1189 2144 1432 2205 ministris,
1466 2147 1610 2192 modo

216 2234 357 2279 quem
382 2219 633 2282 proxinciae
656 2227 701 2263 et
720 2219 876 2281 patriae
900 2236 990 2264 sua·
1014 2219 1247 2265 utiliorem
1272 2230 1410 2283 atque
1434 2221 1608 2268 facilio-

218 2310 315 2340 rem
346 2295 593 2352 ducerent,
623 2295 1004 2341 commissionem
1034 2312 1087 2342 ac
1117 2296 1381 2343 facultatem
1411 2316 1609 2364 accepe-

218 2381 323 2415 runt
354 2388 381 2417 a
409 2388 514 2434 rege
547 2371 687 2416 iidem
714 2371 870 2433 legati,
905 2373 1023 2418 inter
1052 2390 1171 2435 quos
1202 2375 1422 2438 praecipui
1451 2388 1603 2435 erant,

220 2447 504 2507 yenerabiies
520 2449 602 2493 viri
620 2448 836 2510 magister
849 2451 1052 2495 Joannes
1069 2453 1306 2511 Baacarffl,
1328 2469 1467 2500 sacrae
1484 2455 1610 2500 theo-

270 2593 306 2628 1.
340 2590 499 2626 Habtwti
518 2591 609 2628 dans·
629 2591 662 2628 le
682 2605 749 2628 ms.

270 2651 306 2685 Ξ.
338 2652 389 2686 Le
406 2653 531 2685 Gallia
544 2651 745 2686 christiana
760 2651 810 2686 lui
824 2650 948 2688 donne
962 2651 996 2688 le
1008 2665 1096 2688 nom
1119 2653 1164 2689 dc
1182 2659 1271 2691 Jcan
1291 2655 1461 2691 Bcchard
1479 2658 1516 2701 (t.
1537 2659 1608 2704 XI,

216 2708 288 2744 col.
312 2710 414 2755 494).
438 2709 466 2744 ll
492 2710 545 2745 sut
560 2739 568 2755 ,
590 2722 735 2745 comme
753 2709 913 2746 Thomas
933 2710 1043 2746 Basin
1060 2741 1068 2756 ‚
1092 2711 1139 2747 dc
1158 2725 1253 2749 ceux
1276 2726 1349 2761 que
1369 2714 1522 2750 Cinarles
1544 2716 1609 2751 vll

217 2766 384 2803 consulta
405 2781 468 2803 sur
490 2766 522 2803 'ie
546 2770 678 2816 proces
698 2768 744 2805 de
766 2768 799 2805 la
819 2769 982 2806 Pucelle.
