1923 3020
282 227 328 260 24
643 223 978 261 HISTORIARUM
1008 224 1239 260 LUDOVICI
1266 223 1321 258 XI
1369 263 1372 266 ,

282 312 409 357 rabie
445 310 765 372 pereuntium,
793 311 952 356 omnia
987 327 1088 371 quae
1124 325 1292 372 capere
1329 318 1574 371 poterant,
1609 326 1678 354 as-

283 386 546 434 sumebant.

348 467 495 507 Porro
521 463 668 524 majus
692 461 818 506 aliud
844 461 1018 506 malum
1044 470 1087 505 et
1112 460 1250 523 longe
1275 461 1476 524 iniquius
1500 471 1545 506 et
1567 462 1684 507 into-

280 539 516 586 lerabilius
552 537 840 583 inferebatur
870 537 1058 596 multis,
1100 537 1208 599 qui,
1245 553 1353 582 cum
1389 537 1545 599 magni
1583 539 1682 584 auri

283 615 445 680 pondo
476 615 730 678 redemptis
755 613 918 659 litteris
944 630 1078 677 quas,
1105 613 1176 658 vel
1206 630 1292 676 pro
1316 613 1552 659 veteribus
1582 632 1685 677 quae

279 692 365 736 sub
391 691 615 737 defuncto
640 707 748 751 rege
774 691 1048 746 tenuissent,
1076 690 1146 735 vel
1170 691 1308 735 etiam
1327 707 1412 753 pro
1428 691 1562 736 novis
1580 691 1683 737 offi-

279 770 360 813 ciis
387 768 596 831 expediri
622 776 977 831 procurassent,
1007 783 1115 812 cum
1139 783 1187 811 se
1207 767 1521 812 existimarent
1550 784 1683 813 secu-

280 863 375 903 ros,
400 846 610 891 decursis
633 845 795 908 paucis
815 844 1009 904 diebus,
1046 860 1093 889 se
1131 843 1374 890 frustratos
1404 844 1684 907 delusosque

280 922 547 985 turpissime
573 921 893 967 inveniebant.
918 923 1047 982 Saepe
1075 920 1218 975 enim,
1251 920 1318 966 vel
1347 937 1429 983 per
1454 921 1685 984 importu-

282 999 472 1043 nitatem
499 1015 694 1062 precum
730 1000 825 1060 regi
854 1008 1208 1062 porrectarum,
1244 998 1481 1060 potissime
1506 999 1565 1045 ab
1600 1000 1685 1045 illis

281 1075 359 1136 qui
385 1075 482 1136 ejus
503 1075 698 1119 comites
723 1075 769 1119 in
794 1074 1042 1119 Brabantia
1065 1083 1109 1118 et
1138 1073 1271 1118 terris
1296 1074 1686 1136 Burgundionum

283 1151 415 1195 ducis
437 1152 737 1207 exstitissent,
758 1150 921 1195 eadem
948 1149 1105 1195 officia
1128 1166 1208 1194 rex
1232 1150 1330 1194 aliis
1354 1149 1584 1206 donabat3
1615 1153 1684 1197 vel

283 1225 408 1269 idem
437 1227 629 1278 Rom-171,
655 1225 1015 1288 superveniente
1030 1224 1109 1286 qui
1127 1224 1335 1287 priorem
1352 1226 1398 1269 in
1415 1225 1688 1271 muneribus

283 1303 535 1359 evinceret,
563 1301 800 1365 prioribus
824 1303 1014 1348 cassatis
1035 1301 1215 1361 litteris,
1235 1303 1482 1365 posteriori
1503 1304 1562 1349 de
1586 1305 1687 1368 ipso

285 1377 460 1434 officio,
489 1395 576 1441 pro
605 1396 700 1441 quo
726 1379 906 1424 litteras
936 1379 1033 1440 jam
1069 1378 1198 1424 alteri
1229 1378 1550 1442 expediverat,
1579 1381 1689 1427 alias

285 1455 583 1502 conficiebat.
621 1460 860 1519 Tantaque
886 1467 981 1502 erat·
1010 1457 1249 1516 confusio,
1286 1467 1353 1502 tot
1383 1457 1593 1515 fraudes,
1622 1469 1691 1505 tot

287 1533 381 1577 doli
412 1549 554 1595 super
591 1532 861 1594 hujusmodi
901 1533 1166 1578 officiorum
1198 1532 1524 1580 distributione
1558 1552 1689 1580 com-

289 1610 431 1666 missi,
453 1609 583 1671 quod
606 1610 679 1654 vix
704 1609 795 1655 ulla
821 1610 1091 1655 narratione
1115 1610 1454 1673 comprehendi
1476 1622 1687 1674 possent;

289 1696 533 1748 tantasque
570 1686 796 1748 pecunias
831 1686 954 1731 idem
986 1689 1192 1743 Rom-reg
1230 1688 1309 1748 qui
1338 1688 1563 1750 proximis
1585 1698 1691 1734 ante

289 1762 454 1807 diebus
479 1762 792 1824 pauperculus
816 1763 1064 1807 clientulus
1083 1773 1197 1821 erat,
1223 1764 1506 1825 congessisse
1525 1764 1692 1810 talibus

289 1839 486 1900 ingeniis
511 1848 649 1900 atque
674 1838 851 1883 artibus
878 1838 1133 1894 serebatur,
1162 1839 1293 1901 quod
1317 1838 1523 1896 difficile,
1552 1841 1689 1885 etiam

291 1917 445 1961 minus
465 1927 604 1977 atque
629 1917 820 1961 recisius
843 1932 1004 1961 earmn
1019 1933 1253 1962 summam
1274 1915 1552 1975 taxantibus,
1577 1916 1691 1962 fides

290 1991 558 2037 baberetur.
588 1995 702 2047 Quae
726 2009 833 2037 cum
859 1993 921 2039 ita
944 1994 1014 2055 agi
1034 2031 1044 2051 ,
1072 2011 1174 2056 quae
1204 1993 1373 2056 passim
1402 1992 1586 2056 publice
1615 2010 1691 2055 ge-

292 2066 530 2126 rebantur,
568 2070 784 2129 ignorare
819 2085 973 2130 regem
1010 2069 1165 2114 nullus
1198 2070 1423 2132 potuisset
1445 2070 1688 2126 aestimare,

290 2146 605 2189 communiter
634 2144 868 2190 serebatur
888 2145 1051 2190 talium
1077 2145 1505 2191 emolumentorum
1540 2147 1690 2209 ipsum

291 2236 443 2281 regem
466 2220 760 2266 inventorem
782 2231 920 2284 atque
941 2222 1214 2285 participem
1235 2222 1332 2267 fore
1352 2224 1377 2266 ¹.

351 2294 539 2340 Talibus
573 2296 726 2358 itaque
751 2298 1103 2344 inventionibus
1128 2316 1324 2360 regnum
1355 2315 1534 2362 pauper
1556 2309 1601 2343 et
1626 2301 1690 2345 af—

289 2373 465 2417 flictum
494 2370 789 2417 facultatibus
814 2362 1199 2431 exhauriebatur,
1241 2385 1283 2419 et
1312 2392 1450 2437 super
1485 2386 1693 2421 recentes

341 2531 375 2564 1.
407 2529 463 2563 On
485 2527 525 2563 lit
545 2527 766 2563 neanmoins
783 2542 847 2564 sur
866 2542 914 2564 uu
936 2532 1083 2576 agenda
1099 2530 1164 2567 (les
1182 2529 1364 2579 premicrs
1381 2530 1488 2576 jours
1506 2529 1557 2565 (lu
1575 2531 1690 2580 regne

284 2586 329 2623 de
358 2587 471 2623 Louis
500 2590 554 2624 XI
583 2597 636 2624 cet
666 2587 780 2623 ordre
807 2588 870 2636 qui
897 2589 948 2623 sut
980 2590 1249 2626 certainemeut
1273 2589 1429 2626 executi*
1457 2604 1463 2624 :
1492 2607 1508 2622 u
1533 2591 1614 2635 Que
1639 2589 1690 2625 les

283 2645 557 2681 connnissaircs
574 2646 690 2681 favoni
710 2658 820 2694 eryci-
841 2647 858 2680 :¹1
874 2659 940 2680 son
965 2646 1010 2681 (1(Ι
1031 2656 1179 2697 tromp‹·
1193 2662 1281 2698 que,
1300 2649 1354 2684 s’il
1379 2662 1402 2697 y
1422 2662 1442 2685 a
1463 2662 1605 2685 aucuns
1625 2647 1688 2696 qui

283 2712 395 2752 ayt-nt
415 2703 539 2740 donn(-
560 2713 691 2755 argent
712 2717 808 2754 pour
828 2712 923 2740 estre
947 2706 1106 2740 avane&
1129 2720 1201 2742 aux
1230 2708 1373 2751 ostices,
1391 2707 1502 2756 qu'ilz
1523 2706 1557 2742 le
1577 2706 1685 2742 reve-
