1923 3020
749 228 890 263 LIBER
928 230 1143 266 TERTIUS.
1571 231 1591 265 Ξ
1598 232 1617 265 8
1624 233 1645 265 55

251 315 622 371 insurrexisset¹‚
654 315 794 360 etiam
821 316 918 379 ipse
944 316 1101 362 denuo
1123 333 1149 363 a
1172 333 1278 379 rege
1306 316 1645 379 indulgentiam

252 399 296 435 et
320 391 503 435 veniam
536 392 730 454 accepit.
759 392 849 437 Sed
876 409 984 438 cum
1015 394 1137 456 ipse,
1166 395 1245 456 qui
1270 393 1516 439 sceleratus
1547 404 1645 439 erat

253 475 296 510 et
318 467 546 528 pessimus
569 467 795 526 moribus,
823 469 969 514 elatus
990 470 1188 514 nimium
1211 480 1345 528 esset,
1367 486 1644 533 semperque

255 543 390 587 novis
412 543 551 588 rebus
574 544 772 590 inhiaret
801 555 939 607 atque
968 547 1254 604 intenderet,
1286 563 1502 610 magnam
1528 563 1645 592 seni-

253 635 336 681 per
362 629 407 664 et
439 620 704 682 expeditam
738 622 949 667 militiam
984 632 1138 668 tenere
1162 633 1207 668 et
1230 623 1400 669 hahere
1427 622 1646 686 cupiebat

253 705 297 740 et
332 695 391 740 de
424 695 545 742 facto
591 697 813 744 habebat.
849 701 1001 754 Quam
1038 715 1146 744 cum
1184 716 1239 744 ex
1275 701 1406 745 terris
1443 700 1645 763 propriis

256 773 447 819 minime
472 774 594 820 alere
624 786 803 838 posset,
831 792 913 821 seu
946 776 1006 820 ad
1038 776 1268 839 stipendia
1298 778 1518 832 retinere,
1547 793 1643 822 non

253 848 398 894 modo
431 849 644 897 subditos
671 862 897 898 terrarum
929 868 1118 897 suarum
1147 853 1343 915 rapinis,
1370 853 1573 898 caedibus
1601 862 1645 898 et

253 927 389 971 variis
415 928 688 988 injuriarum
718 928 870 974 modis
899 929 1216 991 opprimebat,
1248 947 1411 975 verum
1438 931 1575 976 etiam
1601 940 1645 976 et

253 1012 394 1048 terras
426 1005 566 1065 regis,
599 1006 692 1050 suis
730 1005 925 1063 vicinas,
954 1005 1322 1068 circumquaque
1359 1007 1567 1052 vastabat
1600 1015 1645 1052 et

251 1078 525 1141 populabat.

317 1158 513 1219 Propter
547 1174 649 1220 quae
681 1158 1036 1221 provincialium
1071 1158 1293 1220 querelis,
1330 1168 1424 1205 tam
1459 1160 1517 1205 de
1551 1161 1645 1206 suis

254 1249 396 1294 quam
427 1233 656 1296 regalibus
691 1233 930 1288 dominiis,
968 1236 1144 1280 excitus
1175 1251 1277 1291 rex,
1321 1252 1428 1280 cum
1469 1237 1645 1282 nedum

249 1309 455 1369 ingratus
479 1310 728 1371 gratiarum
752 1308 839 1354 sibi
865 1309 1109 1367 factarum,
1131 1311 1213 1356 sed
1233 1321 1278 1357 et
1301 1312 1440 1357 etiam
1460 1314 1645 1376 penitus

250 1385 577 1447 incorrigibilis
600 1396 866 1449 appareret,
889 1386 1031 1432 misso
1055 1388 1260 1433 exercitu
1290 1398 1454 1434 contra
1483 1405 1593 1435 eum
1611 1392 1640 1448 ²,

251 1461 415 1507 iterato
440 1478 570 1517 eum,
596 1463 727 1507 terris
759 1463 852 1507 suis
880 1472 923 1508 et
953 1462 1174 1508 dominiis
1198 1474 1391 1509 exutum
1424 1474 1470 1510 et
1493 1465 1644 1512 nuda-

251 1548 366 1596 tum,
393 1540 654 1602 profligavit
672 1550 715 1585 et
734 1539 792 1585 ad
811 1555 999 1585 saxosos
1018 1556 1112 1585 suae
1127 1540 1257 1586 vallis
1275 1543 1406 1586 Aurae
1425 1542 1645 1605 scopulos

249 1614 404 1677 fugere
434 1617 692 1680 compuli&
712 1620 761 1661 In
787 1616 958 1679 quibus
981 1634 1089 1662 cum
1116 1617 1249 1663 annis
1272 1617 1453 1680 aliquot
1474 1620 1644 1665 iterum

249 1692 377 1737 exsul
400 1702 538 1755 atque
563 1693 786 1756 profugus
820 1693 1049 1752 latuisset,
1080 1694 1268 1739 tandem
1291 1711 1317 1739 a
1339 1694 1536 1741 domino
1558 1699 1645 1742 Ca-

250 1768 351 1814 rolo
378 1769 495 1815 duce
516 1770 792 1832 Aquitaniae,
819 1769 1105 1816 desciscente
1123 1787 1148 1816 a
1165 1787 1270 1833 rege
1294 1787 1516 1832 germano
1537 1790 1640 1830 suo,

249 1854 293 1889 et
316 1847 499 1891 noviter
529 1847 783 1892 instaurato
814 1846 984 1892 soedere
1011 1847 1400 1909 Burgundionum
1427 1847 1534 1894 duci
1560 1849 1643 1895 ad-

250 1920 476 1982 glutinato
503 1933 640 1984 atque
661 1923 912 1980 resociatO,
939 1939 995 1968 ex
1019 1923 1107 1968 illis
1132 1923 1250 1968 saxis
1279 1933 1323 1968 et
1346 1922 1549 1970 latibulis
1584 1925 1643 1970 ad

247 1999 396 2061 prisca
421 1999 631 2045 dominia
653 1999 913 2061 domosque
931 2009 1148 2061 paternas
1171 2008 1216 2044 et
1239 1999 1383 2044 avitas
1406 2001 1644 2047 restitutus

250 2084 295 2120 et
326 2077 558 2139 repositus
592 2076 692 2120 fuit.
734 2075 800 2120 Ad
842 2092 997 2137 regem
1037 2076 1162 2120 enim
1197 2075 1441 2121 inimicum
1479 2093 1643 2138 gerens

249 2153 484 2210 animum,
514 2152 734 2198 omnibus
756 2151 988 2214 satagebat
1019 2162 1065 2196 ut
1094 2153 1136 2197 in
1164 2162 1317 2215 partes
1346 2169 1476 2211 suaS‚
1502 2170 1643 2216 quos-

247 2246 450 2292 cumque
507 2239 660 2293 posset
682 2266 693 2288 7
744 2228 977 2291 principes
1017 2227 1219 2273 alliceret
1276 2229 1642 2292 conciliaretque

247 2305 468 2351 adversus
491 2322 662 2367 regem.
693 2304 892 2350 Dolebat
920 2305 1046 2350 enim
1083 2321 1130 2350 se
1153 2305 1212 2350 ab
1246 2322 1303 2350 eo
1341 2306 1477 2352 fuisse
1513 2311 1639 2352 Nor—

248 2385 436 2430 mannia
456 2382 721 2447 depulsum,
743 2399 884 2445 quam
903 2399 955 2427 ex
979 2391 1171 2445 paterna
1203 2381 1509 2446 dispositione
1543 2386 1642 2447 pri-

300 2526 312 2559 1
329 2554 334 2560 .
367 2526 460 2559 Lors
480 2522 527 2559 de
548 2522 581 2559 la
605 2534 741 2572 guerre
760 2519 811 2557 du
830 2519 920 2556 Bien
946 2519 1085 2570 public,

299 2585 335 2619 2.
368 2584 423 2618 En
445 2584 559 2619 1469.

299 2644 335 2678 3.
368 2642 425 2677 On
452 2654 473 2677 a
493 2640 576 2687 deja
599 2640 799 2688 remarque
824 2637 1041 2687 (ci-dessus‚
1068 2651 1106 2688 p.
1130 2639 1220 2683 ⁰280,
1243 2646 1330 2675 note
1350 2640 1395 2684 4)
1415 2651 1489 2688 que
1508 2641 1596 2676 c'est
1619 2641 1640 2676 a

246 2699 469 2738 Fontarabie
487 2712 561 2748 que
584 2699 616 2735 le
635 2707 756 2734 comte
774 2698 1024 2747 (FAx-magnac
1045 2697 1195 2734 s'enfuit
1219 2698 1252 2734 la
1273 2697 1435 2734 seconde
1458 2697 1539 2735 fois.
