<?xml version="1.0" encoding="UTF-8"?>
<!DOCTYPE html PUBLIC "-//W3C//DTD XHTML 1.0 Transitional//EN"
    "http://www.w3.org/TR/xhtml1/DTD/xhtml1-transitional.dtd">
<html xmlns="http://www.w3.org/1999/xhtml" xml:lang="en" lang="en">
 <head>
  <title>
</title>
<meta http-equiv="Content-Type" content="text/html;charset=utf-8" />
  <meta name='ocr-system' content='tesseract 3.04.00' />
  <meta name='ocr-capabilities' content='ocr_page ocr_carea ocr_par ocr_line ocrx_word'/>
</head>
<body>
  <div class='ocr_page' id='page_1' title='image "./histoiredesrgn02basi_0273.png"; bbox 0 0 1923 3020; ppageno 0'>
   <div class='ocr_carea' id='block_1_1' title="bbox 723 246 1644 284">
    <p class='ocr_par' dir='ltr' id='par_1_1' title="bbox 723 246 1644 284">
     <span class='ocr_line' id='line_1_1' title="bbox 723 246 1644 284; baseline -0.002 0"><span class='ocrx_word' id='word_1_1' title='bbox 723 249 866 284; x_wconf 87' lang='lat' dir='ltr'>LIBER</span> <span class='ocrx_word' id='word_1_2' title='bbox 895 246 1157 284; x_wconf 90' lang='lat' dir='ltr'>SECUNDUS.</span> <span class='ocrx_word' id='word_1_3' title='bbox 1570 247 1617 281; x_wconf 76' lang='lat'>19</span> <span class='ocrx_word' id='word_1_4' title='bbox 1625 248 1644 282; x_wconf 83' lang='lat'>3</span> 
     </span>
    </p>
   </div>
   <div class='ocr_carea' id='block_1_2' title="bbox 241 329 1714 2399">
    <p class='ocr_par' dir='ltr' id='par_1_2' title="bbox 241 329 1714 1398">
     <span class='ocr_line' id='line_1_2' title="bbox 241 329 1647 396; baseline -0.003 -17"><span class='ocrx_word' id='word_1_5' title='bbox 241 335 443 391; x_wconf 88' lang='lat' dir='ltr'>satione,</span> <span class='ocrx_word' id='word_1_6' title='bbox 471 334 723 396; x_wconf 89' lang='lat' dir='ltr'>conjugem</span> <span class='ocrx_word' id='word_1_7' title='bbox 750 342 991 396; x_wconf 88' lang='lat' dir='ltr'>acceperat</span> <span class='ocrx_word' id='word_1_8' title='bbox 1027 333 1256 396; x_wconf 82' lang='lat' dir='ltr'><strong>priorem,</strong></span> <span class='ocrx_word' id='word_1_9' title='bbox 1289 331 1353 376; x_wconf 92' lang='lat' dir='ltr'>uti</span> <span class='ocrx_word' id='word_1_10' title='bbox 1389 339 1496 376; x_wconf 89' lang='lat' dir='ltr'>ante</span> <span class='ocrx_word' id='word_1_11' title='bbox 1526 329 1647 375; x_wconf 84' lang='lat' dir='ltr'>dixi-</span> 
     </span>
     <span class='ocr_line' id='line_1_3' title="bbox 244 406 1648 475; baseline -0.004 -19"><span class='ocrx_word' id='word_1_12' title='bbox 244 428 368 470; x_wconf 87' lang='lat' dir='ltr'>mns;</span> <span class='ocrx_word' id='word_1_13' title='bbox 391 411 641 475; x_wconf 89' lang='lat' dir='ltr'>episcopus</span> <span class='ocrx_word' id='word_1_14' title='bbox 661 420 819 457; x_wconf 89' lang='lat' dir='ltr'>autem</span> <span class='ocrx_word' id='word_1_15' title='bbox 839 409 1124 466; x_wconf 87' lang='lat' dir='ltr'>Leodiensis,</span> <span class='ocrx_word' id='word_1_16' title='bbox 1151 408 1436 471; x_wconf 85' lang='lat' dir='ltr'><strong>quicumque</strong></span> <span class='ocrx_word' id='word_1_17' title='bbox 1458 415 1543 466; x_wconf 91' lang='lat' dir='ltr'>est,</span> <span class='ocrx_word' id='word_1_18' title='bbox 1561 406 1648 452; x_wconf 92' lang='lat' dir='ltr'>do—</span> 
     </span>
     <span class='ocr_line' id='line_1_4' title="bbox 245 483 1651 551; baseline -0.003 -18"><span class='ocrx_word' id='word_1_19' title='bbox 245 489 399 533; x_wconf 88' lang='lat' dir='ltr'>minus</span> <span class='ocrx_word' id='word_1_20' title='bbox 439 498 508 533; x_wconf 89' lang='lat' dir='ltr'>est</span> <span class='ocrx_word' id='word_1_21' title='bbox 547 489 745 534; x_wconf 90' lang='lat' dir='ltr'>civitatis</span> <span class='ocrx_word' id='word_1_22' title='bbox 782 497 827 533; x_wconf 89' lang='lat' dir='ltr'>et</span> <span class='ocrx_word' id='word_1_23' title='bbox 861 487 1021 551; x_wconf 86' lang='lat' dir='ltr'>patriae</span> <span class='ocrx_word' id='word_1_24' title='bbox 1057 486 1221 544; x_wconf 85' lang='lat' dir='ltr'>totius,</span> <span class='ocrx_word' id='word_1_25' title='bbox 1267 494 1362 531; x_wconf 87' lang='lat' dir='ltr'>tam</span> <span class='ocrx_word' id='word_1_26' title='bbox 1399 483 1651 548; x_wconf 87' lang='lat' dir='ltr'>spiritualis</span> 
     </span>
     <span class='ocr_line' id='line_1_5' title="bbox 243 561 1648 628; baseline -0.002 -18"><span class='ocrx_word' id='word_1_27' title='bbox 243 581 386 628; x_wconf 84' lang='lat' dir='ltr'>quam</span> <span class='ocrx_word' id='word_1_28' title='bbox 406 565 696 627; x_wconf 88' lang='lat' dir='ltr'>temporalis.</span> <span class='ocrx_word' id='word_1_29' title='bbox 723 565 815 611; x_wconf 86' lang='lat' dir='ltr'>Sed</span> <span class='ocrx_word' id='word_1_30' title='bbox 840 564 904 610; x_wconf 92' lang='lat' dir='ltr'>illi</span> <span class='ocrx_word' id='word_1_31' title='bbox 928 563 1151 610; x_wconf 79' lang='lat' dir='ltr'><strong>cervicosi</strong></span> <span class='ocrx_word' id='word_1_32' title='bbox 1177 574 1221 608; x_wconf 87' lang='lat' dir='ltr'>et</span> <span class='ocrx_word' id='word_1_33' title='bbox 1246 561 1436 626; x_wconf 84' lang='lat' dir='ltr'>superbi</span> <span class='ocrx_word' id='word_1_34' title='bbox 1460 562 1648 626; x_wconf 92' lang='lat' dir='ltr'>populi,</span> 
     </span>
     <span class='ocr_line' id='line_1_6' title="bbox 244 630 1714 698; baseline -0.002 -11"><span class='ocrx_word' id='word_1_35' title='bbox 244 641 623 687; x_wconf 81' lang='lat' dir='ltr'>dominationem</span> <span class='ocrx_word' id='word_1_36' title='bbox 658 642 775 687; x_wconf 90' lang='lat' dir='ltr'>ferre</span> <span class='ocrx_word' id='word_1_37' title='bbox 809 658 905 687; x_wconf 91' lang='lat' dir='ltr'>non</span> <span class='ocrx_word' id='word_1_38' title='bbox 941 640 1174 698; x_wconf 86' lang='lat' dir='ltr'>volentes,</span> <span class='ocrx_word' id='word_1_39' title='bbox 1211 639 1294 685; x_wconf 89' lang='lat' dir='ltr'>sed</span> <span class='ocrx_word' id='word_1_40' title='bbox 1325 639 1576 685; x_wconf 87' lang='lat' dir='ltr'>dominum</span> <span class='ocrx_word' id='word_1_41' title='bbox 1608 647 1653 684; x_wconf 89' lang='lat' dir='ltr'>et</span> <span class='ocrx_word' id='word_1_42' title='bbox 1711 630 1714 636; x_wconf 43' lang='lat'><strong>¹</strong></span> 
     </span>
     <span class='ocr_line' id='line_1_7' title="bbox 244 716 1654 781; baseline -0.001 -18"><span class='ocrx_word' id='word_1_43' title='bbox 244 727 482 781; x_wconf 82' lang='lat' dir='ltr'>pastorem</span> <span class='ocrx_word' id='word_1_44' title='bbox 523 735 662 764; x_wconf 87' lang='lat' dir='ltr'>suum</span> <span class='ocrx_word' id='word_1_45' title='bbox 696 718 783 764; x_wconf 90' lang='lat' dir='ltr'>sub</span> <span class='ocrx_word' id='word_1_46' title='bbox 819 734 904 764; x_wconf 90' lang='lat' dir='ltr'>sua</span> <span class='ocrx_word' id='word_1_47' title='bbox 939 717 1096 781; x_wconf 88' lang='lat' dir='ltr'>potius</span> <span class='ocrx_word' id='word_1_48' title='bbox 1131 716 1310 762; x_wconf 88' lang='lat' dir='ltr'>ditione</span> <span class='ocrx_word' id='word_1_49' title='bbox 1346 726 1391 762; x_wconf 89' lang='lat' dir='ltr'>et</span> <span class='ocrx_word' id='word_1_50' title='bbox 1425 725 1654 780; x_wconf 85' lang='lat' dir='ltr'>potestate</span> 
     </span>
     <span class='ocr_line' id='line_1_8' title="bbox 244 793 1656 859; baseline 0 -20"><span class='ocrx_word' id='word_1_51' title='bbox 244 794 457 857; x_wconf 83' lang='lat' dir='ltr'>redigere</span> <span class='ocrx_word' id='word_1_52' title='bbox 487 804 626 858; x_wconf 86' lang='lat' dir='ltr'>atque</span> <span class='ocrx_word' id='word_1_53' title='bbox 651 795 915 859; x_wconf 79' lang='lat' dir='ltr'>deprimere</span> <span class='ocrx_word' id='word_1_54' title='bbox 937 794 1186 853; x_wconf 87' lang='lat' dir='ltr'>malentes,</span> <span class='ocrx_word' id='word_1_55' title='bbox 1214 803 1380 840; x_wconf 83' lang='lat' dir='ltr'>contra</span> <span class='ocrx_word' id='word_1_56' title='bbox 1404 793 1656 840; x_wconf 86' lang='lat' dir='ltr'>officiarios</span> 
     </span>
     <span class='ocr_line' id='line_1_9' title="bbox 244 869 1656 935; baseline 0.001 -18"><span class='ocrx_word' id='word_1_57' title='bbox 244 872 582 918; x_wconf 88' lang='lat' dir='ltr'>ecclesiasticos</span> <span class='ocrx_word' id='word_1_58' title='bbox 612 872 821 934; x_wconf 87' lang='lat' dir='ltr'>ejusdem</span> <span class='ocrx_word' id='word_1_59' title='bbox 850 872 922 918; x_wconf 89' lang='lat' dir='ltr'>sui</span> <span class='ocrx_word' id='word_1_60' title='bbox 949 869 1202 935; x_wconf 86' lang='lat' dir='ltr'>pontificis,</span> <span class='ocrx_word' id='word_1_61' title='bbox 1231 887 1314 933; x_wconf 88' lang='lat' dir='ltr'>per</span> <span class='ocrx_word' id='word_1_62' title='bbox 1342 880 1491 917; x_wconf 89' lang='lat' dir='ltr'>totam</span> <span class='ocrx_word' id='word_1_63' title='bbox 1526 887 1656 935; x_wconf 87' lang='lat' dir='ltr'>paene</span> 
     </span>
     <span class='ocr_line' id='line_1_10' title="bbox 245 949 1658 1013; baseline -0.001 -18"><span class='ocrx_word' id='word_1_64' title='bbox 245 949 504 1011; x_wconf 88' lang='lat' dir='ltr'>dioecesim,</span> <span class='ocrx_word' id='word_1_65' title='bbox 524 951 819 997; x_wconf 83' lang='lat' dir='ltr'>temerariam</span> <span class='ocrx_word' id='word_1_66' title='bbox 835 966 888 996; x_wconf 88' lang='lat' dir='ltr'>ac</span> <span class='ocrx_word' id='word_1_67' title='bbox 909 957 1332 1013; x_wconf 61' lang='lat' dir='ltr'>praesumptuosam</span> <span class='ocrx_word' id='word_1_68' title='bbox 1350 949 1491 994; x_wconf 87' lang='lat' dir='ltr'>nimis</span> <span class='ocrx_word' id='word_1_69' title='bbox 1510 949 1658 994; x_wconf 89' lang='lat' dir='ltr'>insur-</span> 
     </span>
     <span class='ocr_line' id='line_1_11' title="bbox 246 1025 1659 1090; baseline 0.001 -19"><span class='ocrx_word' id='word_1_70' title='bbox 246 1028 506 1073; x_wconf 84' lang='lat' dir='ltr'>rectionem</span> <span class='ocrx_word' id='word_1_71' title='bbox 545 1038 590 1074; x_wconf 89' lang='lat' dir='ltr'>et</span> <span class='ocrx_word' id='word_1_72' title='bbox 632 1028 887 1074; x_wconf 87' lang='lat' dir='ltr'>tumultum</span> <span class='ocrx_word' id='word_1_73' title='bbox 923 1026 1162 1090; x_wconf 87' lang='lat' dir='ltr'>plebeium</span> <span class='ocrx_word' id='word_1_74' title='bbox 1200 1035 1340 1087; x_wconf 86' lang='lat' dir='ltr'>atque</span> <span class='ocrx_word' id='word_1_75' title='bbox 1379 1025 1659 1089; x_wconf 83' lang='lat' dir='ltr'>popularem</span> 
     </span>
     <span class='ocr_line' id='line_1_12' title="bbox 248 1102 1660 1165; baseline 0 -16"><span class='ocrx_word' id='word_1_76' title='bbox 248 1104 459 1151; x_wconf 88' lang='lat' dir='ltr'>fecerunt</span> <span class='ocrx_word' id='word_1_77' title='bbox 494 1115 539 1151; x_wconf 90' lang='lat' dir='ltr'>et</span> <span class='ocrx_word' id='word_1_78' title='bbox 576 1107 887 1165; x_wconf 88' lang='lat' dir='ltr'>suscitarunt,</span> <span class='ocrx_word' id='word_1_79' title='bbox 931 1104 1046 1150; x_wconf 89' lang='lat' dir='ltr'>alios</span> <span class='ocrx_word' id='word_1_80' title='bbox 1080 1102 1310 1149; x_wconf 85' lang='lat' dir='ltr'>caedendo</span> <span class='ocrx_word' id='word_1_81' title='bbox 1351 1112 1491 1165; x_wconf 88' lang='lat' dir='ltr'>atque</span> <span class='ocrx_word' id='word_1_82' title='bbox 1534 1103 1660 1149; x_wconf 91' lang='lat' dir='ltr'>occi-</span> 
     </span>
     <span class='ocr_line' id='line_1_13' title="bbox 246 1180 1659 1246; baseline 0 -19"><span class='ocrx_word' id='word_1_83' title='bbox 246 1180 424 1242; x_wconf 89' lang='lat' dir='ltr'>dendo,</span> <span class='ocrx_word' id='word_1_84' title='bbox 455 1182 571 1229; x_wconf 90' lang='lat' dir='ltr'>alios</span> <span class='ocrx_word' id='word_1_85' title='bbox 597 1182 738 1228; x_wconf 86' lang='lat' dir='ltr'>bonis</span> <span class='ocrx_word' id='word_1_86' title='bbox 766 1182 989 1246; x_wconf 88' lang='lat' dir='ltr'>spoliatos</span> <span class='ocrx_word' id='word_1_87' title='bbox 1015 1180 1295 1243; x_wconf 88' lang='lat' dir='ltr'>gravissimis</span> <span class='ocrx_word' id='word_1_88' title='bbox 1320 1180 1516 1242; x_wconf 87' lang='lat' dir='ltr'>injuriis,</span> <span class='ocrx_word' id='word_1_89' title='bbox 1543 1198 1659 1227; x_wconf 90' lang='lat' dir='ltr'>con-</span> 
     </span>
     <span class='ocr_line' id='line_1_14' title="bbox 249 1255 1661 1320; baseline 0 -17"><span class='ocrx_word' id='word_1_90' title='bbox 249 1258 450 1304; x_wconf 88' lang='lat' dir='ltr'>tumeliis</span> <span class='ocrx_word' id='word_1_91' title='bbox 482 1269 527 1304; x_wconf 90' lang='lat' dir='ltr'>et</span> <span class='ocrx_word' id='word_1_92' title='bbox 560 1259 745 1305; x_wconf 87' lang='lat' dir='ltr'>damnis</span> <span class='ocrx_word' id='word_1_93' title='bbox 776 1257 1041 1304; x_wconf 82' lang='lat' dir='ltr'>afficiendo.</span> <span class='ocrx_word' id='word_1_94' title='bbox 1079 1260 1135 1303; x_wconf 92' lang='lat' dir='ltr'>Et</span> <span class='ocrx_word' id='word_1_95' title='bbox 1165 1256 1264 1302; x_wconf 87' lang='lat' dir='ltr'>haec</span> <span class='ocrx_word' id='word_1_96' title='bbox 1293 1255 1377 1301; x_wconf 92' lang='lat' dir='ltr'>fuit</span> <span class='ocrx_word' id='word_1_97' title='bbox 1404 1257 1558 1320; x_wconf 88' lang='lat' dir='ltr'>prima</span> <span class='ocrx_word' id='word_1_98' title='bbox 1590 1258 1661 1303; x_wconf 90' lang='lat' dir='ltr'>sui</span> 
     </span>
     <span class='ocr_line' id='line_1_15' title="bbox 246 1335 1037 1398; baseline 0 -18"><span class='ocrx_word' id='word_1_99' title='bbox 246 1336 389 1380; x_wconf 88' lang='lat' dir='ltr'>totius</span> <span class='ocrx_word' id='word_1_100' title='bbox 415 1335 584 1382; x_wconf 90' lang='lat' dir='ltr'>furoris</span> <span class='ocrx_word' id='word_1_101' title='bbox 609 1336 741 1398; x_wconf 86' lang='lat' dir='ltr'>origo</span> <span class='ocrx_word' id='word_1_102' title='bbox 768 1345 812 1381; x_wconf 93' lang='lat' dir='ltr'>et</span> <span class='ocrx_word' id='word_1_103' title='bbox 837 1335 1037 1381; x_wconf 90' lang='lat' dir='ltr'>initium.</span> 
     </span>
    </p>

    <p class='ocr_par' dir='ltr' id='par_1_3' title="bbox 247 1409 1660 2399">
     <span class='ocr_line' id='line_1_16' title="bbox 313 1409 1660 1475; baseline 0 -18"><span class='ocrx_word' id='word_1_104' title='bbox 313 1416 530 1459; x_wconf 78' lang='lat' dir='ltr'>Fatemur</span> <span class='ocrx_word' id='word_1_105' title='bbox 549 1413 745 1475; x_wconf 84' lang='lat' dir='ltr'>quidem</span> <span class='ocrx_word' id='word_1_106' title='bbox 770 1410 1215 1475; x_wconf 79' lang='lat' dir='ltr'>(quemadmodum,</span> <span class='ocrx_word' id='word_1_107' title='bbox 1240 1410 1363 1456; x_wconf 91' lang='lat' dir='ltr'>fama</span> <span class='ocrx_word' id='word_1_108' title='bbox 1383 1409 1477 1457; x_wconf 85' lang='lat' dir='ltr'>fide</span> <span class='ocrx_word' id='word_1_109' title='bbox 1497 1409 1660 1474; x_wconf 86' lang='lat' dir='ltr'>digno-</span> 
     </span>
     <span class='ocr_line' id='line_1_17' title="bbox 247 1488 1658 1552; baseline 0 -18"><span class='ocrx_word' id='word_1_110' title='bbox 247 1507 354 1535; x_wconf 88' lang='lat' dir='ltr'>rum</span> <span class='ocrx_word' id='word_1_111' title='bbox 388 1490 641 1549; x_wconf 85' lang='lat' dir='ltr'>hominum</span> <span class='ocrx_word' id='word_1_112' title='bbox 681 1490 939 1549; x_wconf 80' lang='lat' dir='ltr'>referente,</span> <span class='ocrx_word' id='word_1_113' title='bbox 981 1488 1276 1551; x_wconf 83' lang='lat' dir='ltr'>audivimus)</span> <span class='ocrx_word' id='word_1_114' title='bbox 1317 1489 1475 1552; x_wconf 90' lang='lat' dir='ltr'>potius</span> <span class='ocrx_word' id='word_1_115' title='bbox 1514 1505 1658 1552; x_wconf 84' lang='lat' dir='ltr'>quam</span> 
     </span>
     <span class='ocr_line' id='line_1_18' title="bbox 248 1566 1657 1629; baseline 0 -17"><span class='ocrx_word' id='word_1_116' title='bbox 248 1584 416 1613; x_wconf 87' lang='lat' dir='ltr'>senum</span> <span class='ocrx_word' id='word_1_117' title='bbox 443 1577 487 1612; x_wconf 91' lang='lat' dir='ltr'>et</span> <span class='ocrx_word' id='word_1_118' title='bbox 515 1568 726 1629; x_wconf 82' lang='lat' dir='ltr'>gravium</span> <span class='ocrx_word' id='word_1_119' title='bbox 753 1576 894 1629; x_wconf 89' lang='lat' dir='ltr'>atque</span> <span class='ocrx_word' id='word_1_120' title='bbox 920 1566 1172 1613; x_wconf 87' lang='lat' dir='ltr'>doctorum</span> <span class='ocrx_word' id='word_1_121' title='bbox 1196 1566 1412 1613; x_wconf 84' lang='lat' dir='ltr'>virorum</span> <span class='ocrx_word' id='word_1_122' title='bbox 1437 1566 1657 1629; x_wconf 87' lang='lat' dir='ltr'>frequen—</span> 
     </span>
     <span class='ocr_line' id='line_1_19' title="bbox 250 1643 1659 1708; baseline 0.001 -20"><span class='ocrx_word' id='word_1_123' title='bbox 250 1644 339 1690; x_wconf 86' lang='lat' dir='ltr'>tius</span> <span class='ocrx_word' id='word_1_124' title='bbox 383 1645 699 1708; x_wconf 86' lang='lat' dir='ltr'>acquiesceret</span> <span class='ocrx_word' id='word_1_125' title='bbox 743 1645 974 1704; x_wconf 85' lang='lat' dir='ltr'>consiliis,</span> <span class='ocrx_word' id='word_1_126' title='bbox 1016 1661 1097 1690; x_wconf 91' lang='lat' dir='ltr'>seu</span> <span class='ocrx_word' id='word_1_127' title='bbox 1136 1661 1192 1690; x_wconf 83' lang='lat' dir='ltr'>ex</span> <span class='ocrx_word' id='word_1_128' title='bbox 1230 1643 1535 1707; x_wconf 81' lang='lat' dir='ltr'>negligentia,</span> <span class='ocrx_word' id='word_1_129' title='bbox 1577 1661 1659 1691; x_wconf 92' lang='lat' dir='ltr'>seu</span> 
     </span>
     <span class='ocr_line' id='line_1_20' title="bbox 249 1720 1660 1781; baseline 0 -14"><span class='ocrx_word' id='word_1_130' title='bbox 249 1720 383 1781; x_wconf 86' lang='lat' dir='ltr'>alias,</span> <span class='ocrx_word' id='word_1_131' title='bbox 420 1723 566 1768; x_wconf 81' lang='lat' dir='ltr'>multa</span> <span class='ocrx_word' id='word_1_132' title='bbox 595 1739 704 1768; x_wconf 90' lang='lat' dir='ltr'>eum</span> <span class='ocrx_word' id='word_1_133' title='bbox 741 1721 961 1768; x_wconf 85' lang='lat' dir='ltr'>tolerasse</span> <span class='ocrx_word' id='word_1_134' title='bbox 997 1721 1055 1768; x_wconf 93' lang='lat' dir='ltr'>de</span> <span class='ocrx_word' id='word_1_135' title='bbox 1088 1722 1182 1767; x_wconf 87' lang='lat' dir='ltr'>suis</span> <span class='ocrx_word' id='word_1_136' title='bbox 1213 1721 1350 1767; x_wconf 92' lang='lat' dir='ltr'>dictis</span> <span class='ocrx_word' id='word_1_137' title='bbox 1380 1721 1660 1768; x_wconf 85' lang='lat' dir='ltr'>officialibus</span> 
     </span>
     <span class='ocr_line' id='line_1_21' title="bbox 249 1799 1660 1862; baseline 0.001 -19"><span class='ocrx_word' id='word_1_138' title='bbox 249 1807 294 1843; x_wconf 92' lang='lat' dir='ltr'>et</span> <span class='ocrx_word' id='word_1_139' title='bbox 318 1799 645 1857; x_wconf 79' lang='lat' dir='ltr'>servitoribus,</span> <span class='ocrx_word' id='word_1_140' title='bbox 674 1799 755 1861; x_wconf 91' lang='lat' dir='ltr'>qui</span> <span class='ocrx_word' id='word_1_141' title='bbox 779 1799 1035 1862; x_wconf 88' lang='lat' dir='ltr'>plurimum</span> <span class='ocrx_word' id='word_1_142' title='bbox 1059 1809 1192 1845; x_wconf 87' lang='lat' dir='ltr'>erant</span> <span class='ocrx_word' id='word_1_143' title='bbox 1217 1815 1243 1845; x_wconf 91' lang='lat' dir='ltr'>a</span> <span class='ocrx_word' id='word_1_144' title='bbox 1266 1799 1451 1844; x_wconf 85' lang='lat' dir='ltr'>tramite</span> <span class='ocrx_word' id='word_1_145' title='bbox 1471 1799 1660 1861; x_wconf 84' lang='lat' dir='ltr'>justitiae</span> 
     </span>
     <span class='ocr_line' id='line_1_22' title="bbox 249 1875 1653 1939; baseline 0.001 -19"><span class='ocrx_word' id='word_1_146' title='bbox 249 1884 294 1920; x_wconf 94' lang='lat' dir='ltr'>et</span> <span class='ocrx_word' id='word_1_147' title='bbox 313 1876 540 1938; x_wconf 63' lang='lat' dir='ltr'>aequitatis</span> <span class='ocrx_word' id='word_1_148' title='bbox 558 1875 757 1939; x_wconf 84' lang='lat' dir='ltr'>[alieni];</span> <span class='ocrx_word' id='word_1_149' title='bbox 780 1877 843 1922; x_wconf 89' lang='lat' dir='ltr'>ita</span> <span class='ocrx_word' id='word_1_150' title='bbox 859 1875 990 1939; x_wconf 91' lang='lat' dir='ltr'>quod</span> <span class='ocrx_word' id='word_1_151' title='bbox 1008 1893 1092 1939; x_wconf 91' lang='lat' dir='ltr'>per</span> <span class='ocrx_word' id='word_1_152' title='bbox 1106 1893 1273 1922; x_wconf 86' lang='lat' dir='ltr'>eorum</span> <span class='ocrx_word' id='word_1_153' title='bbox 1290 1876 1445 1921; x_wconf 71' lang='lat' dir='ltr'>varios</span> <span class='ocrx_word' id='word_1_154' title='bbox 1462 1875 1653 1936; x_wconf 87' lang='lat' dir='ltr'>abusus,</span> 
     </span>
     <span class='ocr_line' id='line_1_23' title="bbox 249 1953 1658 2016; baseline 0.001 -18"><span class='ocrx_word' id='word_1_155' title='bbox 249 1954 601 2014; x_wconf 83' lang='lat' dir='ltr'>concussiones,</span> <span class='ocrx_word' id='word_1_156' title='bbox 620 1954 894 2013; x_wconf 86' lang='lat' dir='ltr'>calumnias,</span> <span class='ocrx_word' id='word_1_157' title='bbox 913 1953 1049 2000; x_wconf 88' lang='lat' dir='ltr'>dolos</span> <span class='ocrx_word' id='word_1_158' title='bbox 1063 1963 1114 2016; x_wconf 54' lang='lat' dir='ltr'>et⁴</span> <span class='ocrx_word' id='word_1_159' title='bbox 1126 1954 1331 2016; x_wconf 85' lang='lat' dir='ltr'>rapinas,</span> <span class='ocrx_word' id='word_1_160' title='bbox 1353 1953 1519 2016; x_wconf 90' lang='lat' dir='ltr'>populi</span> <span class='ocrx_word' id='word_1_161' title='bbox 1535 1953 1658 2000; x_wconf 90' lang='lat' dir='ltr'>illius</span> 
     </span>
     <span class='ocr_line' id='line_1_24' title="bbox 251 2030 1653 2094; baseline 0.001 -18"><span class='ocrx_word' id='word_1_162' title='bbox 251 2040 407 2089; x_wconf 81' lang='lat' dir='ltr'>terrae,</span> <span class='ocrx_word' id='word_1_163' title='bbox 449 2032 530 2094; x_wconf 85' lang='lat' dir='ltr'>qui</span> <span class='ocrx_word' id='word_1_164' title='bbox 565 2031 626 2076; x_wconf 88' lang='lat' dir='ltr'>ad</span> <span class='ocrx_word' id='word_1_165' title='bbox 661 2030 769 2076; x_wconf 89' lang='lat' dir='ltr'>talia</span> <span class='ocrx_word' id='word_1_166' title='bbox 801 2030 883 2076; x_wconf 91' lang='lat' dir='ltr'>diu</span> <span class='ocrx_word' id='word_1_167' title='bbox 915 2031 1162 2077; x_wconf 86' lang='lat' dir='ltr'>toleranda</span> <span class='ocrx_word' id='word_1_168' title='bbox 1191 2030 1352 2076; x_wconf 91' lang='lat' dir='ltr'>idonei</span> <span class='ocrx_word' id='word_1_169' title='bbox 1383 2047 1481 2076; x_wconf 90' lang='lat' dir='ltr'>non</span> <span class='ocrx_word' id='word_1_170' title='bbox 1520 2041 1653 2092; x_wconf 90' lang='lat' dir='ltr'>sunt,</span> 
     </span>
     <span class='ocr_line' id='line_1_25' title="bbox 250 2107 1656 2171; baseline 0.001 -17"><span class='ocrx_word' id='word_1_171' title='bbox 250 2107 388 2154; x_wconf 86' lang='lat' dir='ltr'>valde</span> <span class='ocrx_word' id='word_1_172' title='bbox 426 2108 628 2171; x_wconf 67' lang='lat' dir='ltr'>graviter</span> <span class='ocrx_word' id='word_1_173' title='bbox 669 2107 1049 2171; x_wconf 80' lang='lat' dir='ltr'>premebantur¹.</span> <span class='ocrx_word' id='word_1_174' title='bbox 1092 2110 1269 2155; x_wconf 84' lang='lat' dir='ltr'>Contra</span> <span class='ocrx_word' id='word_1_175' title='bbox 1310 2125 1430 2171; x_wconf 86' lang='lat' dir='ltr'>quos</span> <span class='ocrx_word' id='word_1_176' title='bbox 1474 2125 1656 2156; x_wconf 91' lang='lat' dir='ltr'>errores</span> 
     </span>
     <span class='ocr_line' id='line_1_26' title="bbox 251 2184 1651 2248; baseline 0.001 -18"><span class='ocrx_word' id='word_1_177' title='bbox 251 2185 288 2229; x_wconf 92' lang='lat' dir='ltr'>si</span> <span class='ocrx_word' id='word_1_178' title='bbox 326 2201 410 2248; x_wconf 90' lang='lat' dir='ltr'>per</span> <span class='ocrx_word' id='word_1_179' title='bbox 445 2186 567 2230; x_wconf 72' lang='lat' dir='ltr'>viam</span> <span class='ocrx_word' id='word_1_180' title='bbox 599 2185 717 2246; x_wconf 88' lang='lat' dir='ltr'>juris</span> <span class='ocrx_word' id='word_1_181' title='bbox 753 2194 798 2229; x_wconf 88' lang='lat' dir='ltr'>et</span> <span class='ocrx_word' id='word_1_182' title='bbox 832 2185 1019 2246; x_wconf 79' lang='lat' dir='ltr'>justitiae</span> <span class='ocrx_word' id='word_1_183' title='bbox 1053 2184 1261 2231; x_wconf 81' lang='lat' dir='ltr'>remedia</span> <span class='ocrx_word' id='word_1_184' title='bbox 1298 2196 1651 2248; x_wconf 87' lang='lat' dir='ltr'>procurassent,</span> 
     </span>
     <span class='ocr_line' id='line_1_27' title="bbox 250 2258 1655 2321; baseline 0.003 -18"><span class='ocrx_word' id='word_1_185' title='bbox 250 2259 510 2304; x_wconf 89' lang='lat' dir='ltr'>consultius</span> <span class='ocrx_word' id='word_1_186' title='bbox 560 2258 708 2303; x_wconf 81' lang='lat' dir='ltr'>multo</span> <span class='ocrx_word' id='word_1_187' title='bbox 753 2258 984 2320; x_wconf 83' lang='lat' dir='ltr'>egissent,</span> <span class='ocrx_word' id='word_1_188' title='bbox 1029 2275 1170 2321; x_wconf 88' lang='lat' dir='ltr'>quam</span> <span class='ocrx_word' id='word_1_189' title='bbox 1212 2259 1287 2305; x_wconf 85' lang='lat' dir='ltr'>via</span> <span class='ocrx_word' id='word_1_190' title='bbox 1330 2259 1437 2304; x_wconf 81' lang='lat' dir='ltr'>sacti</span> <span class='ocrx_word' id='word_1_191' title='bbox 1484 2270 1530 2305; x_wconf 89' lang='lat' dir='ltr'>et</span> <span class='ocrx_word' id='word_1_192' title='bbox 1583 2270 1655 2307; x_wconf 89' lang='lat' dir='ltr'>tu-</span> 
     </span>
     <span class='ocr_line' id='line_1_28' title="bbox 251 2335 1656 2399; baseline 0.002 -18"><span class='ocrx_word' id='word_1_193' title='bbox 251 2336 502 2381; x_wconf 88' lang='lat' dir='ltr'>multuaria</span> <span class='ocrx_word' id='word_1_194' title='bbox 535 2335 699 2399; x_wconf 89' lang='lat' dir='ltr'>populi</span> <span class='ocrx_word' id='word_1_195' title='bbox 735 2335 1070 2382; x_wconf 87' lang='lat' dir='ltr'>insurrectione</span> <span class='ocrx_word' id='word_1_196' title='bbox 1106 2336 1170 2381; x_wconf 89' lang='lat' dir='ltr'>ita</span> <span class='ocrx_word' id='word_1_197' title='bbox 1199 2351 1279 2381; x_wconf 91' lang='lat' dir='ltr'>eos</span> <span class='ocrx_word' id='word_1_198' title='bbox 1313 2335 1542 2397; x_wconf 81' lang='lat' dir='ltr'>caedibus,</span> <span class='ocrx_word' id='word_1_199' title='bbox 1585 2355 1656 2385; x_wconf 89' lang='lat' dir='ltr'>ra-</span> 
     </span>
    </p>
   </div>
   <div class='ocr_carea' id='block_1_3' title="bbox 250 2489 1658 2780">
    <p class='ocr_par' dir='ltr' id='par_1_4' title="bbox 250 2489 1658 2780">
     <span class='ocr_line' id='line_1_29' title="bbox 305 2489 1656 2542; baseline 0.003 -15"><span class='ocrx_word' id='word_1_200' title='bbox 305 2494 342 2528; x_wconf 63' lang='lat'>11.</span> <span class='ocrx_word' id='word_1_201' title='bbox 374 2494 555 2527; x_wconf 84' lang='lat' dir='ltr'>L&#39;auteur</span> <span class='ocrx_word' id='word_1_202' title='bbox 585 2490 708 2527; x_wconf 83' lang='lat' dir='ltr'>aurait</span> <span class='ocrx_word' id='word_1_203' title='bbox 737 2489 787 2526; x_wconf 77' lang='lat' dir='ltr'>du</span> <span class='ocrx_word' id='word_1_204' title='bbox 816 2490 964 2537; x_wconf 86' lang='lat' dir='ltr'>ajouter</span> <span class='ocrx_word' id='word_1_205' title='bbox 996 2503 1070 2540; x_wconf 90' lang='lat' dir='ltr'>que</span> <span class='ocrx_word' id='word_1_206' title='bbox 1100 2498 1158 2528; x_wconf 91' lang='lat' dir='ltr'>cet</span> <span class='ocrx_word' id='word_1_207' title='bbox 1185 2490 1333 2542; x_wconf 73' lang='lat' dir='ltr'>eveque</span> <span class='ocrx_word' id='word_1_208' title='bbox 1357 2491 1442 2529; x_wconf 91' lang='lat' dir='ltr'>leur</span> <span class='ocrx_word' id='word_1_209' title='bbox 1468 2494 1571 2530; x_wconf 84' lang='lat' dir='ltr'>avait</span> <span class='ocrx_word' id='word_1_210' title='bbox 1598 2494 1656 2531; x_wconf 84' lang='lat' dir='ltr'>e&#39;te</span> 
     </span>
     <span class='ocr_line' id='line_1_30' title="bbox 250 2548 1657 2605; baseline 0.003 -18"><span class='ocrx_word' id='word_1_211' title='bbox 250 2551 394 2601; x_wconf 80' lang='lat' dir='ltr'>impos‹&#39;·</span> <span class='ocrx_word' id='word_1_212' title='bbox 411 2550 581 2600; x_wconf 84' lang='lat' dir='ltr'>lorsqu’il</span> <span class='ocrx_word' id='word_1_213' title='bbox 603 2548 736 2603; x_wconf 75' lang='lat' dir='ltr'>n’etait</span> <span class='ocrx_word' id='word_1_214' title='bbox 755 2562 821 2600; x_wconf 88' lang='lat' dir='ltr'>pas</span> <span class='ocrx_word' id='word_1_215' title='bbox 840 2562 976 2586; x_wconf 89' lang='lat' dir='ltr'>encore</span> <span class='ocrx_word' id='word_1_216' title='bbox 993 2551 1120 2601; x_wconf 76' lang='lat' dir='ltr'>pretre</span> <span class='ocrx_word' id='word_1_217' title='bbox 1140 2559 1177 2588; x_wconf 92' lang='lat' dir='ltr'>et</span> <span class='ocrx_word' id='word_1_218' title='bbox 1199 2551 1293 2601; x_wconf 88' lang='lat' dir='ltr'>qu&#39;il</span> <span class='ocrx_word' id='word_1_219' title='bbox 1311 2551 1441 2589; x_wconf 83' lang='lat' dir='ltr'>n’e&#39;tait</span> <span class='ocrx_word' id='word_1_220' title='bbox 1459 2566 1525 2603; x_wconf 87' lang='lat' dir='ltr'>pas</span> <span class='ocrx_word' id='word_1_221' title='bbox 1547 2553 1657 2605; x_wconf 64' lang='lat' dir='ltr'>d&#39;fige</span> 
     </span>
     <span class='ocr_line' id='line_1_31' title="bbox 251 2609 1658 2663; baseline 0.002 -16"><span class='ocrx_word' id='word_1_222' title='bbox 251 2613 271 2647; x_wconf 73' lang='lat' dir='ltr'>a</span> <span class='ocrx_word' id='word_1_223' title='bbox 289 2610 323 2647; x_wconf 89' lang='lat' dir='ltr'>le</span> <span class='ocrx_word' id='word_1_224' title='bbox 344 2610 502 2647; x_wconf 79' lang='lat' dir='ltr'>devenir</span> <span class='ocrx_word' id='word_1_225' title='bbox 527 2609 573 2646; x_wconf 81' lang='lat' dir='ltr'>(le</span> <span class='ocrx_word' id='word_1_226' title='bbox 593 2609 828 2660; x_wconf 80' lang='lat' dir='ltr'>longtemp53</span> <span class='ocrx_word' id='word_1_227' title='bbox 850 2617 885 2647; x_wconf 91' lang='lat' dir='ltr'>et</span> <span class='ocrx_word' id='word_1_228' title='bbox 910 2622 984 2659; x_wconf 88' lang='lat' dir='ltr'>que</span> <span class='ocrx_word' id='word_1_229' title='bbox 1004 2623 1102 2660; x_wconf 88' lang='lat' dir='ltr'>pour</span> <span class='ocrx_word' id='word_1_230' title='bbox 1120 2610 1174 2648; x_wconf 88' lang='lat' dir='ltr'>les</span> <span class='ocrx_word' id='word_1_231' title='bbox 1195 2611 1288 2648; x_wconf 85' lang='lat' dir='ltr'>faire</span> <span class='ocrx_word' id='word_1_232' title='bbox 1309 2611 1412 2659; x_wconf 87' lang='lat' dir='ltr'>jouir</span> <span class='ocrx_word' id='word_1_233' title='bbox 1429 2611 1476 2648; x_wconf 88' lang='lat' dir='ltr'>de</span> <span class='ocrx_word' id='word_1_234' title='bbox 1502 2626 1544 2649; x_wconf 88' lang='lat' dir='ltr'>ce</span> <span class='ocrx_word' id='word_1_235' title='bbox 1565 2626 1658 2663; x_wconf 90' lang='lat' dir='ltr'>pas-</span> 
     </span>
     <span class='ocr_line' id='line_1_32' title="bbox 252 2668 1658 2719; baseline 0.003 -13"><span class='ocrx_word' id='word_1_236' title='bbox 252 2678 336 2706; x_wconf 90' lang='lat' dir='ltr'>teur</span> <span class='ocrx_word' id='word_1_237' title='bbox 367 2677 403 2706; x_wconf 89' lang='lat' dir='ltr'>et</span> <span class='ocrx_word' id='word_1_238' title='bbox 427 2669 625 2719; x_wconf 84' lang='lat' dir='ltr'>seigneur,</span> <span class='ocrx_word' id='word_1_239' title='bbox 656 2682 706 2706; x_wconf 90' lang='lat' dir='ltr'>on</span> <span class='ocrx_word' id='word_1_240' title='bbox 731 2668 832 2707; x_wconf 85' lang='lat' dir='ltr'>avait</span> <span class='ocrx_word' id='word_1_241' title='bbox 864 2669 1053 2707; x_wconf 88' lang='lat' dir='ltr'>contraint</span> <span class='ocrx_word' id='word_1_242' title='bbox 1083 2671 1105 2707; x_wconf 75' lang='lat' dir='ltr'>a</span> <span class='ocrx_word' id='word_1_243' title='bbox 1135 2683 1175 2708; x_wconf 86' lang='lat' dir='ltr'>se</span> <span class='ocrx_word' id='word_1_244' title='bbox 1199 2670 1384 2708; x_wconf 76' lang='lat' dir='ltr'>demettre</span> <span class='ocrx_word' id='word_1_245' title='bbox 1421 2684 1472 2707; x_wconf 89' lang='lat' dir='ltr'>un</span> <span class='ocrx_word' id='word_1_246' title='bbox 1504 2671 1658 2710; x_wconf 89' lang='lat' dir='ltr'>homme</span> 
     </span>
     <span class='ocr_line' id='line_1_33' title="bbox 252 2728 956 2780; baseline -0.001 -14"><span class='ocrx_word' id='word_1_247' title='bbox 252 2728 348 2766; x_wconf 77' lang='lat' dir='ltr'>aime</span> <span class='ocrx_word' id='word_1_248' title='bbox 369 2738 406 2766; x_wconf 90' lang='lat' dir='ltr'>et</span> <span class='ocrx_word' id='word_1_249' title='bbox 424 2729 564 2766; x_wconf 77' lang='lat' dir='ltr'>venere</span> <span class='ocrx_word' id='word_1_250' title='bbox 583 2728 676 2766; x_wconf 88' lang='lat' dir='ltr'>dans</span> <span class='ocrx_word' id='word_1_251' title='bbox 696 2737 777 2766; x_wconf 86' lang='lat' dir='ltr'>tout</span> <span class='ocrx_word' id='word_1_252' title='bbox 796 2729 831 2766; x_wconf 93' lang='lat' dir='ltr'>le</span> <span class='ocrx_word' id='word_1_253' title='bbox 850 2742 956 2780; x_wconf 85' lang='lat' dir='ltr'>pays.</span> 
     </span>
    </p>
   </div>
   <div class='ocr_carea' id='block_1_4' title="bbox 462 2803 1447 2839">
    <p class='ocr_par' dir='ltr' id='par_1_5' title="bbox 462 2803 1447 2839">
     <span class='ocr_line' id='line_1_34' title="bbox 462 2803 1447 2839; baseline 0.003 -3"><span class='ocrx_word' id='word_1_254' title='bbox 462 2814 497 2837; x_wconf 89' lang='lat'>11</span> <span class='ocrx_word' id='word_1_255' title='bbox 1399 2803 1447 2839; x_wconf 83' lang='lat'>13</span> 
     </span>
    </p>
   </div>
  </div>
 </body>
</html>
