1923 3020
724 270 862 304 LIBER
900 268 1125 314 QUINTUS.
1563 269 1636 304 407

240 354 512 415 hujusmodi
529 352 906 398 exsecutionibus
922 351 1259 409 incubuerunt,
1282 368 1378 396 non
1392 360 1460 396 est
1481 350 1543 396 ad
1556 367 1637 396 co-

239 431 482 493 gitandum
506 430 660 486 facile,
695 431 840 475 relatu
873 444 984 473 vero
1011 428 1148 489 longe
1174 428 1425 474 difficilius.
1456 428 1638 473 Etenim

239 507 408 570 passim
431 516 476 551 et
498 507 596 551 sine
626 507 720 551 ullo
746 506 924 552 delectu
955 520 1118 548 omnes
1142 505 1348 549 ecclesiae
1380 514 1425 549 et
1457 503 1638 567 quales-

240 598 441 643 cumque
467 581 689 643 religiosae
707 582 902 634 domus,
926 579 998 624 vel
1021 579 1098 641 pia
1119 580 1223 624 loca
1247 596 1327 625 seu
1347 579 1467 624 tituli
1492 579 1639 625 eccle—

239 658 422 715 siastici,
440 658 511 702 vel
533 658 592 703 ad
608 658 878 703 alimoniam
900 671 1180 718 pauperum,
1195 672 1275 700 seu
1295 672 1431 700 usum
1444 656 1641 701 lumina-

240 735 360 780 rium
376 744 455 779 aut
471 735 647 796 aliquas
662 733 958 778 necessitates
974 732 1046 776 vel
1062 741 1341 777 ornamenta
1357 733 1641 794 templorum

239 820 284 855 et
304 810 604 856 ecclesiarum
624 809 1030 872 qualitercumque
1048 808 1225 853 donata
1242 808 1314 853 vel
1337 818 1607 871 comparata
1623 845 1634 866 ‚

240 904 337 933 non
366 889 511 933 modo
542 887 600 932 ab
629 888 739 950 ipsis
771 886 1009 947 sexaginta
1033 884 1231 948 [annis],
1265 885 1346 931 sed
1382 886 1520 931 etiam
1563 903 1639 931 su-

239 981 347 1028 pra,
387 974 433 1010 et
464 981 491 1010 a
521 964 845 1010 vetustissimis
883 961 1205 1025 temporibus,
1252 962 1299 1007 in
1338 962 1459 1007 illius
1502 980 1641 1009 exac-

238 1040 379 1086 tionis
426 1038 638 1085 nefandae
694 1039 946 1084 discrimen
992 1037 1351 1083 adducebantur
1374 1056 1385 1095 3
1433 1039 1496 1084 ita
1553 1048 1604 1084 ut
1625 1075 1636 1097 ‚

238 1117 414 1180 absque
437 1117 532 1163 ulla
564 1117 861 1162 miseratione
891 1132 963 1173 ea,
987 1131 1074 1178 pro
1104 1115 1296 1161 arbitrio
1322 1125 1368 1160 et
1399 1116 1640 1162 voluntate

239 1203 591 1251 exsecutorum,
616 1194 841 1256 pecunia,
878 1191 937 1237 ad
965 1207 1110 1253 quam
1147 1191 1444 1246 taxabantur,
1471 1192 1641 1237 redimi

239 1279 497 1333 oporteret.

300 1349 407 1392 Haec
444 1355 600 1391 autem
632 1345 811 1390 exactio
847 1344 1053 1407 plurium
1085 1344 1393 1391 aestimatione
1426 1353 1471 1390 et
1498 1345 1639 1391 totius

238 1422 382 1467 ferme
407 1422 558 1483 vulgi,
585 1437 612 1466 a
631 1437 727 1483 quo
750 1421 797 1465 in
823 1420 1151 1481 hujuscemodi
1184 1421 1318 1465 terris
1343 1421 1527 1466 insueta
1557 1438 1637 1483 pe-

237 1499 360 1544 nitus
384 1508 522 1559 atque
541 1497 752 1542 inaudita
773 1513 870 1541 esse
897 1496 1150 1553 ferebatur,
1171 1496 1356 1541 divinos
1381 1496 1560 1542 favores
1585 1513 1641 1543 ac

237 1575 319 1619 Dei
342 1574 680 1635 benignitatem
702 1571 761 1617 ab
780 1572 860 1617 illo
881 1573 1093 1635 principe
1111 1571 1270 1617 tulisse
1288 1581 1427 1634 atque
1445 1589 1638 1636 prorsus

237 1648 461 1696 alienasse
491 1648 785 1713 putabatur¹.
814 1651 929 1694 Nam
962 1649 1197 1694 anteriore
1225 1657 1463 1712 tempore,
1503 1650 1639 1696 toties

293 1785 328 1820 1.
362 1781 413 1821 La
443 1784 566 1819 meme
590 1782 674 1819 idce
698 1795 719 1818 a
743 1782 800 1818 ete
822 1781 1017 1831 exprimee
1036 1794 1127 1819 avec
1150 1781 1197 1818 de
1222 1781 1383 1819 curieux
1410 1781 1641 1832 developpe-

238 1850 358 1879 ments
383 1856 452 1892 par
471 1842 686 1879 Guillaume
706 1841 813 1878 Hcda
828 1871 836 1887 ‚
858 1841 923 1890 qui
951 1842 1063 1877 vecut
1083 1855 1129 1878 en
1152 1842 1274 1878 meme
1295 1849 1416 1890 temps
1435 1853 1509 1889 que
1531 1841 1642 1878 Basin

237 1903 258 1938 a
273 1901 309 1937 la
329 1914 423 1937 cour
441 1901 636 1938 d'Utrecht
661 1917 667 1937 :
692 1918 708 1934 ι(
729 1902 870 1938 Volunt
889 1902 1068 1938 continue
1086 1902 1276 1938 fortunam
1296 1901 1351 1937 illi
1369 1901 1553 1947 arrisisse,
1575 1901 1641 1937 sed

237 1961 394 2010 coepisse
407 1961 601 1998 adversari
618 1974 703 1998 cum
721 1961 903 1998 tributum
921 1961 1133 2011 imponeret
1147 1960 1337 2006 Ecclesiae,
1359 1972 1442 2009 quae
1465 1972 1641 2009 magnam

236 2019 449 2069 patiebatur
481 2020 730 2056 exactionem.
765 2020 874 2066 Quod
908 2032 985 2055 non
1016 2032 1064 2055 ex
1090 2018 1170 2064 ejus
1198 2018 1392 2054 voluntate
1421 2022 1515 2064 (erat
1539 2017 1641 2054 enim

240 2081 530 2131 magnanimus),
546 2080 611 2118 sed
630 2094 676 2117 ex
690 2080 945 2130 quorumdam
964 2080 1142 2116 instinctu
1160 2088 1196 2116 et
1213 2079 1361 2115 sinistra
1375 2078 1642 2116 informatione

238 2132 416 2189 (suspicio
435 2148 514 2176 erat
543 2139 589 2176 de
611 2140 784 2176 Johanne
809 2142 936 2175 Leone
965 2146 1002 2174 et
1028 2137 1193 2174 Antonio
1214 2140 1387 2172 Armet-rm
1408 2149 1428 2173 a
1446 2136 1641 2183 consiliis),

238 2198 461 2246 processisse
482 2197 647 2236 aiebant.
676 2198 844 2235 Invisum
867 2197 969 2234 enim
992 2204 1072 2232 erat
1092 2204 1128 2232 et
1145 2195 1360 2232 inauditum
1384 2194 1486 2244 quod
1517 2203 1643 2231 extor-

238 2265 368 2292 serunt
392 2269 412 2292 a
433 2257 504 2306 piis
534 2257 639 2293 locis.
673 2260 719 2293 Et
746 2256 899 2306 quidem
926 2255 1118 2291 Johannes
1139 2255 1326 2292 Boslncsen
1351 2253 1638 2304 superveniens,

238 2328 315 2351 non
335 2315 480 2351 minore
501 2316 625 2365 rigore
653 2330 741 2352 usus
768 2316 880 2351 fuisse
912 2314 1051 2350 dicitur
1073 2314 1112 2350 in
1133 2313 1334 2364 exigendo.
1356 2315 1393 2349 Is
1421 2312 1520 2349 enim
1550 2325 1641 2362 spo-

238 2374 333 2411 lians
363 2373 554 2422 quoddam
587 2375 801 2412 coenobium
833 2373 1103 2410 canonicorum
1132 2373 1364 2425 regularium
1386 2402 1395 2419 ‚
1427 2371 1644 2422 arripiendo

239 2445 329 2469 vasa
344 2440 521 2482 argentea
539 2441 650 2480 atque
670 2441 907 2476 ornamenta,
928 2448 945 2464 (ε
962 2434 1050 2468 Haec
1070 2431 1181 2477 facio,
1196 2431 1334 2480 inquit,
1359 2444 1406 2467 ex
1423 2430 1645 2468 auctoritate

242 2507 260 2525 a
284 2491 427 2527 domini
450 2491 545 2537 mei3
574 2507 591 2524 υ)
634 2500 669 2527 et
700 2491 816 2542 digito
850 2490 1051 2527 ostendens
1080 2490 1284 2541 imaginem
1311 2489 1447 2526 Christi
1474 2488 1644 2526 crucifixi

238 2551 391 2587 infixam
411 2550 542 2600 parieti
564 2565 571 2585 ι
600 2567 615 2582 u
636 2552 706 2596 En,
730 2550 876 2599 inquit,
896 2558 1022 2586 vester
1042 2549 1237 2595 dominus3
1256 2548 1317 2585 hic
1337 2561 1406 2584 vos
1425 2547 1599 2593 adjuvet!
1626 2565 1641 2580 a

238 2609 349 2646 Unde
371 2609 555 2645 creditum
581 2618 636 2645 est
659 2610 761 2658 quod
783 2609 896 2659 paulo
915 2617 998 2659 post
1023 2608 1180 2645 Carolus
1199 2607 1256 2644 bis
1277 2606 1426 2643 sinistre
1446 2618 1645 2657 pugnave-

239 2668 287 2704 rit
306 2677 342 2704 et
361 2668 399 2703 in
417 2667 526 2704 tertio
541 2667 670 2717 praelio
683 2668 876 2714 ceciderit,
895 2675 1143 2716 auctoresque
1160 2664 1341 2716 temporis
1355 2677 1529 2701 successu
1547 2664 1647 2700 male

239 2727 437 2764 interiisse.
455 2728 627 2764 Succedit
642 2729 774 2773 Maria,
790 2729 865 2765 filia
880 2728 1019 2776 Caroli,
1041 2728 1081 2765 in
1102 2727 1332 2778 amplissima
1352 2725 1537 2772 dominia,
1558 2737 1642 2774 quae
