1923 3020
721 248 862 282 LIBER
895 247 1118 293 QUINTUS.
1542 251 1585 284 41
1596 250 1617 283 7

669 415 1004 461 CAPITULUM
1038 418 1158 462 XIII.

223 542 334 583 Quam
351 539 437 573 varii
453 552 609 574 rumores
625 550 697 575 tum
716 542 759 576 de
778 551 907 586 morte,
925 551 999 576 tum
1025 542 1068 575 de
1089 543 1157 577 vita
1178 542 1276 576 ducis
1296 544 1506 589 Burgundiae
1526 545 1619 579 exie-

323 600 423 633 1·unt;
445 600 476 625 et
493 594 637 638 qualiter
655 595 814 629 ultimum
834 604 991 629 mortuus
1007 596 1143 641 agnitus
1159 604 1208 629 est
1228 605 1259 629 et
1274 598 1425 642 sepultus
1442 598 1518 635 fuit.

289 715 375 757 Per
390 713 563 759 multos
579 725 733 760 autem
755 714 853 760 dies
870 715 1100 760 incertum
1117 715 1258 761 etiam
1275 715 1398 778 apud
1420 716 1620 763 victores

222 787 483 834 habebatur
501 789 560 835 de
577 790 696 836 duce
718 790 1010 853 Burgundizr,
1034 791 1306 854 captivusne
1326 790 1494 837 ductus
1514 792 1621 838 fuis-

223 873 305 923 set,
333 865 406 911 vel
430 882 513 928 per
534 866 688 927 fugam
713 867 920 930 elapsus;
948 882 1055 912 nam
1081 867 1204 912 inter
1227 867 1406 913 occisos
1429 870 1622 915 minime

223 941 580 1001 agnoscebatur.
606 945 660 986 Et
680 959 787 987 curn
809 942 867 987 de
887 942 981 988 hoc
1002 942 1156 987 varius
1178 942 1315 987 valde
1338 958 1392 988 ac
1412 944 1622 990 diversus

223 1016 344 1079 apud
368 1017 595 1080 plurimos
613 1034 777 1064 rumor
794 1028 1103 1082 percurreret,
1129 1035 1225 1063 non
1248 1018 1442 1065 deerant
1458 1037 1622 1082 quam-

223 1094 377 1157 plures
401 1112 454 1140 cx
477 1095 549 1140 liis
569 1096 672 1157 qui,
706 1112 792 1141 nec
819 1096 925 1141 visis
951 1096 1144 1141 fortasse
1169 1095 1404 1155 hostibus,
1432 1098 1624 1159 aufuge-

222 1181 343 1228 rant,
361 1170 435 1216 vel
450 1170 509 1216 al)
530 1171 740 1216 hostibus
754 1172 954 1234 spoliati,
976 1182 1200 1234 tanquam
1214 1171 1382 1233 abjecti
1400 1182 1444 1217 et
1460 1173 1624 1237 inopes

221 1245 281 1292 ab
314 1246 489 1291 eisdem
520 1248 666 1292 relicti
697 1248 902 1304 fuerant,
936 1249 1016 1310 qui
1047 1264 1155 1293 eum
1186 1258 1443 1293 assererent
1472 1248 1626 1294 adhuc

220 1323 390 1369 vivere.
428 1323 651 1369 Nonnulli
684 1324 940 1386 siquidem,
976 1323 1250 1370 vulneribus
1285 1325 1487 1387 acceptis
1517 1341 1622 1371 sau·

220 1401 367 1455 cium,
401 1399 459 1446 ad
485 1399 728 1462 quoddam
756 1417 864 1445 eum
893 1410 1097 1446 castrum
1129 1401 1297 1461 fugisse
1331 1400 1621 1459 asserebant,

221 1475 298 1521 ubi
326 1492 351 1521 a
374 1476 582 1538 quodam
606 1476 692 1521 sihi
719 1476 871 1521 amico
898 1476 1115 1521 clanculo
1143 1476 1414 1534 curabatur,
1445 1477 1621 1534 donec,

222 1552 480 1598 resolidatis
520 1551 796 1597 vulneribus
813 1587 824 1609 ,
868 1551 1109 1613 equitandi
1146 1552 1268 1597 vires
1306 1563 1620 1615 recuperaret.

223 1628 421 1674 Aiebant
442 1629 518 1674 alii
539 1628 597 1675 ab
618 1629 775 1691 aliquo
794 1631 1140 1674 Germanorum
1162 1645 1415 1691 procerum
1436 1639 1625 1693 captum

221 1714 551 1767 servatumque
577 1705 732 1764 fuisse,
759 1714 804 1750 et
827 1705 1066 1767 captivum
1090 1705 1253 1767 ignoto
1278 1705 1326 1750 in
1350 1705 1457 1751 1000
1477 1722 1625 1752 asser-

222 1781 336 1827 vari.
363 1781 446 1826 Alii
467 1781 633 1842 fugisse
653 1798 761 1826 eum
782 1781 828 1825 in
857 1780 1192 1842 Burgundiam,
1218 1781 1293 1827 vel
1312 1782 1361 1826 in
1381 1783 1623 1828 Franciam

223 1872 270 1901 50
303 1856 531 1919 recepisse
574 1866 619 1902 et
657 1856 914 1901 occuluisse
956 1856 1213 1918 jactabant.
1256 1860 1307 1901 In
1346 1866 1623 1921 tantumque

221 1933 419 1977 vesaniae
444 1942 489 1977 et
512 1931 711 1977 stultitiae
736 1931 929 1994 quidam
952 1932 1106 1978 miseri
1129 1933 1362 1996 progressi
1386 1943 1517 1989 sunt,
1546 1944 1620 1994 ut,

222 2008 268 2053 in
294 2008 533 2053 nonnullis
564 2008 750 2071 oppidis
779 2017 1009 2053 terrarum
1036 2024 1252 2068 suarum,
1293 2008 1400 2054 talia
1436 2009 1624 2072 publice

222 2101 383 2131 coram
413 2085 758 2147 magistratibus
785 2085 1001 2131 locorum
1033 2101 1236 2131 asserere
1267 2103 1366 2132 non
1403 2104 1622 2134 vereren-

222 2171 312 2218 tur,
350 2178 492 2225 seque
525 2162 664 2208 etiam
697 2171 741 2208 et
772 2162 916 2207 vitam
945 2177 1078 2207 suam
1115 2163 1377 2208 amissionis
1408 2164 1620 2227 periculo

221 2238 512 2296 submittere,
538 2238 619 2284 ubi
641 2255 740 2283 non
764 2239 826 2284 ita
844 2238 960 2297 fore,
988 2239 1055 2284 uti
1078 2239 1362 2298 asserebant,
1390 2241 1620 2304 recipere-

223 2327 313 2362 tur.
341 2318 425 2362 Alii
448 2327 606 2363 autem
628 2317 766 2362 etiam
786 2317 847 2362 ad
868 2316 1050 2362 diversa
1072 2316 1248 2380 oppida
1268 2327 1313 2362 et
1339 2317 1440 2364 loca
1463 2319 1621 2364 venie-

222 2394 352 2453 bant,
380 2394 461 2457 qui
482 2410 588 2439 eum
613 2394 735 2439 inter
758 2392 970 2456 peditum
992 2394 1389 2439 confertissimurfi
1411 2393 1637 2440 hostium·

222 2487 425 2518 cuneum
450 2487 572 2532 equo
597 2469 733 2531 dejici
757 2485 804 2514 50
824 2469 1012 2528 vidisse,
1037 2479 1082 2515 et
1104 2486 1274 2515 caesum
1295 2471 1451 2534 potius
1476 2487 1618 2533 quam

222 2558 455 2594 servatum
490 2547 628 2592 fuisse
663 2563 710 2591 se
742 2547 968 2592 [estimare
1002 2545 1287 2593 asserebant.
1321 2550 1377 2592 Et
1406 2548 1467 2594 ita
1496 2547 1618 2593 ultro

222 2626 433 2689 citroque
460 2624 770 2671 affirmatione
793 2641 866 2670 res
881 2623 1025 2670 dubia
1044 2641 1070 2670 a
1088 2625 1320 2688 plerisque
1337 2624 1616 2683 habebatur,

220 2722 304 2769 per
329 2705 485 2769 plures
508 2702 623 2762 dies,
653 2703 749 2748 imo
777 2719 958 2749 menses
981 2711 1026 2747 et
1048 2719 1197 2766 prope
1219 2719 1387 2748 annos.

432 2795 467 2817 11
1363 2782 1411 2816 27
