1923 3020
745 308 885 342 LIBER
926 306 1189 341 SECUNDUS.
1592 305 1665 339 109

276 410 381 438 rum
412 393 736 456 pertinaciam,
765 393 866 455 qui.
903 394 1143 438 temerarie
1176 393 1313 436 nimis
1344 392 1666 454 proximorum

275 470 454 531 ignotas
484 470 548 513 eis
586 469 893 513 conscientias
924 468 1213 530 judicantes,
1249 468 1423 530 absque
1453 468 1548 512 ullo
1579 468 1667 511 de-

276 545 395 590 lectu
429 546 639 589 omnium
675 545 942 608 principum
976 545 1095 589 illius
1128 546 1360 590 societatis
1395 545 1509 590 facta
1551 561 1666 589 con-

275 621 500 666 demnant
522 638 530 663 :
559 637 760 667 asserere
779 622 1019 675 audentes,
1040 622 1111 666 vel
1130 621 1256 684 quod
1278 621 1450 666 nullius
1470 622 1666 665 intentio

274 707 399 743 recta
429 697 564 741 fuerit
595 706 637 741 et
664 697 802 758 justa,
841 698 911 741 vel
944 698 1081 741 etiam
1102 735 1111 751 ,
1140 708 1237 742 esto
1274 697 1403 759 quod
1439 697 1566 742 bona
1597 697 1664 741 vel

274 782 397 818 recta
427 773 559 817 initio
592 772 763 831 fuerat,
792 773 853 818 ob
878 773 969 817 hoc
993 782 1149 818 tamen
1175 775 1329 836 ipsum
1358 773 1487 835 quod
1517 783 1666 835 coepta
1716 817 1722 822 ,

273 848 400 893 bona
424 848 686 893 intentione
710 849 767 893 ad
793 848 1026 894 salubrem
1050 848 1314 910 reipublicae
1339 849 1538 893 fructum
1567 865 1667 911 per-

274 924 472 982 ducere,
508 925 849 969 nonnullorum
876 924 1088 969 obstante
1112 923 1307 986 perfidia
1325 961 1335 980 ,
1373 925 1564 969 minime
1589 940 1666 968 va-

272 1000 482 1055 luerunt,
520 1018 684 1046 omnes
709 1018 872 1046 eorum
903 1009 1098 1045 conatus
1121 1000 1280 1062 injusti
1306 1010 1350 1045 et
1376 1000 1667 1045 damnabiles

272 1078 545 1123 exstiterint.
571 1081 663 1123 Nos
686 1079 828 1135 enim,
856 1077 1041 1123 sicutad
1055 1087 1233 1123 certum
1252 1076 1310 1121 de
1331 1093 1496 1121 eorum
1517 1078 1667 1121 inten-

272 1155 479 1200 tionibus
511 1154 720 1217 judicare
755 1172 851 1199 non
885 1170 1134 1217 possumus
1161 1153 1247 1214 (de
1280 1152 1451 1214 quibus
1483 1162 1662 1208 tamen,

272 1231 408 1276 nobis
432 1248 526 1276 non
553 1232 659 1276 satis
686 1231 834 1288 notis,
873 1231 918 1275 in
950 1230 1191 1275 meliorem
1220 1238 1398 1291 partem
1423 1228 1667 1290 benignius

273 1308 649 1369 praesumimus),
688 1308 748 1352 ita
775 1323 860 1351 nec
893 1322 1057 1351 eorum
1087 1305 1234 1361 facta,
1270 1305 1511 1367 supposita
1542 1314 1666 1349 certa

272 1394 315 1429 et
342 1394 499 1430 sancta
522 1385 802 1439 intentione,
829 1383 954 1428 bona
976 1393 1114 1445 atque
1137 1382 1412 1440 laudabilia,
1441 1382 1665 1427 condem-

270 1478 380 1506 nare
408 1478 684 1525 possumus,
723 1478 776 1506 ex
811 1477 867 1506 eo
905 1460 1057 1505 solum
1081 1460 1211 1522 quod
1238 1469 1422 1505 tantum
1450 1459 1660 1519 bonum,

270 1547 498 1599 quantum
524 1536 827 1582 intendebant
856 1546 901 1581 et
933 1536 1162 1591 zelabant,
1194 1535 1417 1598 perficere
1442 1537 1664 1598 nequive-

272 1623 395 1657 runt.
425 1613 658 1676 Alioquin,
687 1623 736 1658 ut
754 1613 970 1670 diximus,
994 1613 1231 1657 nationem
1256 1621 1300 1656 et
1324 1611 1507 1657 infinita
1527 1612 1666 1657 bene-

271 1688 388 1734 facta
411 1689 613 1734 filiorum
638 1690 721 1734 Dei
745 1688 904 1750 (quod
925 1688 1063 1749 absit)
1089 1688 1343 1751 reprobare
1367 1699 1412 1734 et
1436 1689 1663 1734 condem-

270 1782 381 1812 nare
413 1782 702 1828 cogeremur.

744 1996 1076 2038 CAPITULUM
1122 1997 1198 2037 111.

339 2132 597 2178 Argumentatio
614 2143 730 2164 eorum
748 2131 805 2175 qui
825 2131 1021 2176 principum
1039 2130 1273 2163 universaliter
1286 2139 1376 2175 gesta
1393 2131 1591 2176 improbant

590 2193 621 2218 et
638 2184 823 2225 damnant,
846 2196 920 2228 quae
944 2184 1134 2216 rationibus
1153 2184 1331 2216 refellitur.

330 2305 420 2350 Sed
441 2303 642 2361 subditi,
680 2303 918 2364 inquiunt,
959 2313 1003 2347 et
1029 2302 1208 2347 vassalli
1235 2312 1364 2347 erant
1384 2302 1657 2364 hujusmodi

266 2383 521 2445 principes,
560 2391 603 2426 et
628 2381 776 2426 caeteri
802 2381 877 2442 qui
905 2380 968 2424 eis
1000 2379 1299 2425 adhaerebant
1322 2399 1331 2437 3
1375 2381 1548 2443 quibus
1572 2382 1659 2426 mi-

266 2458 391 2502 nime
412 2457 579 2502 licebat
601 2457 646 2501 in
672 2473 828 2518 regem
850 2473 984 2501 suum
1006 2466 1048 2500 et
1067 2456 1315 2501 dominum
1336 2473 1466 2502 arma
1485 2458 1653 2513 levare,

266 2543 346 2579 aut
372 2550 477 2578 eum
506 2533 737 2594 corrigere
760 2532 893 2577 velle.
923 2531 1103 2588 Quibus
1128 2533 1470 2594 respondemus
1501 2534 1559 2579 ab
1594 2535 1658 2579 eis

266 2611 576 2672 inquirentes,
604 2626 659 2654 an
683 2609 753 2653 vel
777 2609 860 2671 ipsi
888 2609 933 2653 in
964 2609 1069 2653 navi
1089 2609 1244 2671 aliqua
1265 2621 1415 2656 essent
1437 2611 1656 2656 conducti

265 2703 292 2732 a
315 2696 513 2749 patrono
543 2696 585 2730 et
618 2686 814 2731 domino
839 2687 991 2737 navis,
1033 2687 1103 2731 vel
1138 2687 1276 2732 etiam
1310 2688 1452 2750 ipsius
1483 2705 1656 2733 verna—

265 2763 356 2808 culi
380 2778 458 2808 seu
483 2772 607 2808 certa
635 2763 865 2824 mancipia
901 2772 1080 2820 essent,
1121 2764 1197 2825 qui
1236 2763 1456 2809 dominus
1481 2764 1550 2809 vel
1581 2782 1658 2828 pa}-
