1923 3020
269 314 336 347 ΗΞ).
622 309 955 345 HISTORIARUM
985 309 1217 344 LUDOVICI
1246 310 1301 344 XI

259 401 338 462 qui
363 399 452 443 illic
477 406 629 451 erant,
660 411 769 439 cum
799 394 891 440 boc
915 394 1047 457 quod
1078 404 1293 440 strenuos
1320 405 1364 441 et
1394 395 1533 440 fortes
1561 412 1659 443 sese

258 475 568 532 exhibebant,
599 472 738 517 etiam
766 472 967 517 multum
993 471 1153 517 fideles
1177 471 1374 517 domino
1406 488 1491 517 suo
1520 474 1660 519 exsti-

256 561 427 597 terunt.
454 553 570 594 Nam
592 548 716 607 licet,
741 549 807 593 uti
829 548 951 594 sama
969 548 1220 607 ferebatur,
1246 548 1343 593 dux
1364 549 1657 611 Burgundio-

256 644 368 672 num
405 643 526 689 saepe
569 626 823 689 pertentari
867 626 1049 670 fecisset
1092 635 1325 687 quatenus
1366 625 1657 672 deditionem

255 702 417 765 oppidi
437 702 523 747 sibi
546 701 696 746 facere
716 701 906 761 vellent,
936 712 980 746 et
1000 718 1128 746 nunc
1151 717 1403 747 munerum
1426 702 1657 766 pollicita-

254 780 459 825 tionibus
482 779 670 838 illicere,
696 795 823 823 nunc
845 779 983 824 nimis
1004 778 1238 824 deterrere
1260 778 1417 824 fuisset
1438 790 1652 838 conatus,

251 866 519 903 constantes
555 866 712 901 tamen
748 865 792 900 et
829 856 1010 900 immoti
1047 871 1232 919 semper
1264 856 1310 900 in
1346 855 1438 902 fide
1473 856 1655 903 domini

252 936 320 980 sui
344 935 669 997 perstiterunt,
701 934 835 997 quasi
860 943 1039 978 certum
1064 943 1110 978 et
1132 931 1449 978 indubitatum
1474 933 1653 980 haben-

253 1021 335 1069 tOS,
357 1012 631 1074 priusquam
646 1010 706 1055 ad
724 1020 978 1055 extremam
995 1009 1327 1055 alimentorum
1343 1009 1654 1056 defectionem

250 1088 614 1147 adducerentur,
645 1105 691 1132 se
717 1104 964 1133 succursus
985 1098 1125 1149 atque
1149 1086 1470 1132 subventionis
1493 1088 1655 1135 solatia

249 1183 272 1212 a
296 1166 493 1212 domino
518 1183 603 1211 suo
624 1166 893 1225 habitur053
922 1166 1003 1227 qui
1024 1165 1087 1210 ita
1111 1181 1158 1209 se
1179 1164 1430 1223 facturum,
1454 1181 1542 1210 nec
1566 1184 1652 1229 pro

249 1246 586 1307 cujuscumque
605 1244 799 1307 periculi
823 1243 1200 1289 consideratione
1215 1243 1650 1305 praetermissurum,

250 1337 422 1383 magno
448 1322 625 1367 eisdem
647 1321 925 1384 promiserat
949 1329 1262 1365 sacramento.
1288 1320 1345 1363 Se
1365 1319 1521 1382 itaque
1542 1330 1655 1367 stre-

249 1415 341 1443 nue
370 1414 424 1443 ac
456 1399 646 1443 viriliter
675 1397 1001 1454 defendentes,
1032 1396 1207 1460 praefati
1237 1396 1420 1441 domini
1444 1397 1514 1442 sui
1540 1413 1655 1460 pro-

250 1475 549 1519 missionibus
567 1474 775 1525 animati,
797 1473 1058 1518 obsidionis
1079 1473 1299 1518 duritiem
1318 1482 1457 1535 atque
1475 1474 1655 1520 incom-

249 1550 392 1596 moda
417 1552 595 1596 sortiter
619 1561 663 1595 ct
689 1550 1019 1612 longanimiter
1044 1548 1324 1595 tolerabant.

316 1630 487 1673 Verum
508 1628 589 1672 etsi
609 1627 725 1672 dura
745 1637 884 1689 atque
903 1643 1064 1690 aspera
1083 1626 1431 1689 quamplurima
1449 1627 1652 1690 perferre

247 1722 327 1752 eos
352 1714 605 1767 oporteret,
630 1704 692 1750 ita
716 1704 963 1749 obsidione
988 1714 1032 1749 et
1057 1704 1217 1748 castris
1239 1702 1489 1749 hostilibus
1512 1705 1653 1752 valla-

247 1793 342 1841 tos,
372 1799 468 1827 non
493 1783 678 1828 minora
709 1792 863 1827 tamen
895 1799 983 1827 nec
1013 1782 1169 1826 minus
1198 1797 1362 1844 aspera
1394 1781 1534 1827 etiam
1566 1784 1651 1846 ipsi

247 1859 513 1904 obsessores
544 1860 723 1923 perpeti
757 1860 1072 1905 necessarium
1101 1857 1356 1904 habebant.
1392 1859 1494 1904 Fuit
1524 1860 1651 1905 enim

245 1945 372 1996 tunc,
395 1953 532 1999 supra
553 1937 759 1995 solitum,
784 1937 953 1997 algoris
974 1935 1313 1980 intensissimus
1340 1935 1487 1997 rigor,
1509 1952 1649 1998 quem

246 2024 356 2059 tunc
379 2015 530 2076 longis
553 2014 766 2073 bibernis
791 2013 1009 2059 noctibus
1033 2013 1120 2059 sul)
1143 2013 1221 2059 dio
1253 2013 1521 2059 obsessores
1546 2030 1646 2059 ma-

239 2092 341 2153 jore
360 2102 559 2155 exparte
578 2092 783 2155 perferre
802 2091 1042 2137 habebant
1063 2109 1072 2135 ε
1098 2091 1262 2154 procul
1287 2090 1451 2150 dubio,
1475 2106 1648 2153 magno

244 2168 453 2231 ipsorum
473 2169 761 2227 discrimine,
787 2186 897 2214 nam
918 2185 970 2214 ex
991 2169 1056 2214 eis
1074 2168 1230 2232 plures
1249 2178 1343 2213 tam
1362 2167 1648 2214 immanibus

243 2245 500 2305 rigentibus
533 2246 769 2308 algoribus
802 2245 1067 2309 absumpti,
1101 2246 1257 2308 plures
1290 2246 1443 2290 varios
1480 2245 1648 2291 exinde

243 2322 574 2367 contrahentes
597 2324 815 2381 morbos,
844 2323 1076 2368 diuturnis
1099 2322 1275 2367 detenti
1299 2322 1425 2367 fuere
1449 2321 1647 2385 languo-

243 2398 388 2456 ribus,
414 2401 662 2462 praesertim
685 2401 806 2445 eirea
826 2399 979 2457 tibias,
1007 2399 1124 2444 talos
1145 2409 1284 2460 atque
1308 2398 1486 2461 pedum
1510 2400 1645 2444 vesti-

242 2477 334 2539 gia,
366 2494 483 2539 quos
509 2487 740 2522 tumentes
764 2478 835 2523 vel
859 2487 1129 2523 contractos
1154 2493 1261 2521 eum
1287 2477 1465 2537 magnis
1492 2477 1645 2523 trahe-

241 2553 355 2599 bant
385 2553 646 2598 doloribus.
685 2554 945 2599 Accedebat
976 2564 1020 2598 et
1051 2553 1160 2597 buic
1193 2553 1321 2598 aliud
1357 2570 1453 2598 non
1489 2554 1644 2599 minus

241 2632 429 2677 difficile
455 2632 514 2676 ad
541 2631 852 2677 tolerandum.
885 2635 1001 2677 Nam
1040 2632 1086 2675 in
1125 2632 1284 2676 eastris
1309 2631 1396 2676 illis
1423 2647 1543 2694 saepe
1571 2632 1640 2675 vel

241 2726 430 2754 annona
448 2708 709 2763 deficiebat,
734 2707 804 2753 vel
830 2718 925 2752 tam
948 2724 1057 2752 caro
1084 2724 1185 2752 eam
1210 2723 1486 2770 comparare
1505 2723 1642 2769 opor-

244 2785 363 2832 tebat
382 2823 391 2840 ,
434 2796 478 2829 ut
519 2785 718 2830 militum
751 2783 979 2846 stipendia
1018 2783 1089 2826 vix
1130 2782 1186 2827 ad
1222 2782 1469 2827 dimidium
1505 2782 1639 2844 pretii
