1923 3020
728 254 868 289 LIBER
895 253 1089 289 PRIMUS.
1559 251 1605 286 33

215 351 258 388 et
290 341 435 387 divini
464 351 603 404 atque
632 340 824 385 humani
850 340 965 402 juris
993 338 1163 400 ignari,
1193 337 1300 382 solis
1324 335 1605 400 quibusdam

215 417 633 463 consuetudinibus
650 427 694 462 et
715 415 872 462 usibus
888 415 1139 460 innitentes
1163 413 1298 475 (quas
1323 423 1476 458 tamen
1498 429 1608 458 cou-

215 494 484 540 suetudines
517 494 801 556 frequentius
836 494 880 537 in
912 492 1161 555 pessimum
1197 500 1241 535 ct
1274 489 1608 553 perniciosissi-

216 587 344 615 mum
368 569 565 615 abusum
591 570 894 632 detorquent,
922 578 966 612 et
990 584 1084 622 ρας,
1113 576 1252 630 prout
1280 584 1364 612 suo
1389 566 1604 629 quoestui,

215 646 289 690 cui
311 662 493 708 semper
512 646 707 702 inhiant,
731 645 952 689 inducere
971 643 1270 700 arbitrantur,
1293 632 1473 705 fingunt
1491 657 1610 706 saepe

218 730 355 783 atque
385 721 639 783 refingunt,
676 721 884 785 pessimis
917 736 992 765 eas
1025 719 1484 782 interpretationibus
1508 734 1611 764 cor-

218 799 524 860 rumpentes),
551 800 693 843 totius
716 814 842 861 paene
864 796 1021 860 patriae
1039 796 1242 855 regimen
1265 795 1610 858 amplectuntur

218 884 261 919 et
282 874 539 937 possident,
564 875 625 920 ita
648 874 775 936 quod
801 891 896 918 non
925 881 990 918 est
1013 881 1105 916 tam
1128 889 1304 933 magnae
1326 871 1611 917 auctoritatis

218 951 463 1013 quisquam
482 950 694 1014 praelatus
715 960 793 995 aut
813 949 995 1007 nobilis,
1019 949 1098 1010 qui
1118 965 1212 992 non
1235 965 1421 994 necesse
1440 947 1610 994 lrabeat

218 1027 392 1072 eisdem
431 1027 594 1089 subjici
631 1027 915 1088 eosdemque
950 1025 1112 1070 vereri.
1154 1027 1219 1069 lta
1249 1025 1373 1069 enim
1410 1025 1609 1069 invicem

217 1104 419 1165 colligati
445 1113 611 1149 suntet
635 1104 842 1149 foederati
866 1112 931 1160 ut,
960 1102 1038 1164 qui
1060 1118 1207 1146 unum
1232 1101 1393 1162 tangit,
1422 1110 1610 1146 caeteros

217 1198 381 1227 omnes
411 1182 609 1242 tetigisse
640 1191 845 1246 putetur.
879 1180 1035 1225 Totius
1064 1180 1219 1243 patriae
1248 1177 1498 1224 tribunalia
1524 1194 1609 1224 suo

216 1268 381 1320 regunt
401 1258 609 1317 arbitrio,
633 1268 677 1303 et
699 1274 784 1322 pro
809 1256 906 1302 aliis
926 1256 1121 1302 statibus
1142 1256 1316 1319 patrize,
1343 1255 1390 1300 in
1413 1253 1610 1318 publicis

215 1337 607 1382 conventionibus
642 1337 876 1394 Statuuni,
914 1333 998 1379 soli
1033 1351 1163 1397 paene
1197 1333 1255 1379 ad
1293 1343 1482 1391 nutum,
1510 1333 1609 1378 vice

215 1414 357 1460 totius
381 1414 562 1477 patriae,
590 1412 847 1459 decernunt
869 1410 997 1474 quod
1019 1410 1132 1456 libet
1154 1421 1197 1456 et
1220 1410 1489 1457 excludunt.

692 1636 1027 1681 CAPITULUM
1061 1637 1117 1678 X.

211 1768 259 1800 De
275 1767 505 1801 conventione
522 1766 678 1799 statuum
692 1762 876 1808 provinciae
888 1760 1055 1807 ejusdem,
1070 1769 1103 1793 et
1118 1760 1288 1806 legatione
1302 1761 1402 1794 missa
1423 1759 1469 1793 ad
1491 1773 1604 1806 regem

255 1818 504 1862 vanissimaque
527 1815 749 1850 exsultatione
770 1813 890 1860 populi
913 1812 1122 1859 provinciae,
1149 1813 1202 1846 vel
1227 1811 1330 1855 dolo,
1357 1813 1409 1845 vel
1433 1812 1603 1858 imperitia

255 1884 397 1905 suorum
411 1872 600 1916 legatorum
616 1867 851 1902 circumventi.

274 1993 329 2035 Et
347 1990 456 2051 quia
475 1987 560 2032 sibi
579 1986 728 2050 perire
746 1984 938 2046 tollique
962 1993 1180 2046 reputant
1200 1981 1430 2044 quidquid
1450 1981 1599 2027 litium

211 2082 553 2128 causarumque
577 2081 600 2108 e
625 2064 716 2108 suis
742 2061 938 2108 elabitur
963 2061 1200 2118 manibus,
1227 2060 1287 2105 ad
1308 2060 1488 2122 aliaque
1514 2061 1602 2105 tri-

210 2142 397 2189 bunalia
423 2141 629 2187 defertur
650 2155 791 2201 quam
817 2141 892 2184 ea*
914 2140 959 2182 in
985 2137 1154 2200 quibus
1178 2136 1411 2181 ordinarie
1434 2135 1600 2181 obver-

209 2220 298 2265 sari
321 2219 496 2275 solent,
519 2232 685 2278 magna
711 2215 919 2260 feruntur
936 2231 1118 2275 semper
1140 2212 1312 2258 invidia
1331 2221 1468 2274 atque
1490 2212 1600 2258 odio

209 2296 429 2341 adversus
450 2294 697 2339 officiarios
715 2292 995 2336 tributorum
1011 2289 1323 2352 publicorum,
1344 2290 1425 2351 qui
1440 2305 1601 2335 causas

209 2381 252 2416 et
269 2372 545 2433 quoestiones
560 2385 698 2431 super
711 2367 980 2429 hujusmodi
996 2366 1174 2411 tributis
1186 2365 1392 2425 obortas,
1412 2366 1602 2411 minime

209 2449 267 2495 ad
302 2449 537 2494 ordinaria
565 2446 766 2508 judicia,
801 2445 881 2490 sed
910 2460 1069 2490 coram
1100 2460 1147 2488 se
1179 2443 1400 2489 duntaxat
1431 2443 1601 2489 deduci

208 2525 463 2587 patiuntur.
490 2524 686 2568 Maxime
706 2523 842 2583 igitur
862 2538 914 2566 ex
928 2520 1080 2566 verbis
1100 2520 1328 2583 praedictis
1346 2537 1428 2584 per
1445 2536 1600 2582 regem

205 2602 398 2666 prolatis
425 2600 715 2647 exsultabant
738 2609 781 2644 ct
805 2598 1076 2644 laetabantur
1100 2598 1250 2660 quod,
1276 2597 1334 2642 ad
1364 2597 1600 2658 sequelam

261 2744 294 2777 1.
330 2742 511 2787 Quoniam
531 2750 579 2773 au
599 2736 673 2772 lieu
695 2735 741 2772 de
763 2749 871 2783 quam
892 2748 935 2770 ea
982 2733 1074 2770 dans
1096 2733 1131 2769 le
1151 2746 1231 2784 ms..

437 2822 470 2844 11
1394 2805 1413 2840 3
