1923 3020
721 285 861 319 LIBER
891 283 1085 322 PRIMUS.
1555 283 1601 317 17

210 370 489 416 lncedebant
520 371 643 416 enim
677 387 759 433 per
783 380 956 416 turmas
980 370 1085 415 satis
1109 368 1290 414 decenti
1325 378 1364 413 et
1404 371 1548 429 longo
1574 384 1599 412 a

208 463 256 492 se
289 447 487 492 invicem
524 446 766 492 intervallo
805 447 1032 507 sejuncti,
1082 455 1236 490 turma
1272 443 1480 507 qualibet
1521 453 1598 489 aut

208 522 459 567 duodecim
492 533 572 568 aut
615 522 885 585 quindecim
920 538 998 567 seu
1034 521 1194 583 viginti
1228 521 1523 566 evectionum
1559 528 1604 564 et

207 614 513 662 personarum
536 616 784 644 numerum
804 598 1102 656 continente3
1135 607 1177 642 et
1197 607 1327 642 erant
1351 614 1407 641 ex
1428 596 1603 641 eisdem

207 674 372 718 turmis
391 690 531 737 supra
563 675 741 735 viginti,
773 690 937 719 omnes
961 690 1107 734 usque
1126 672 1185 719 ad
1204 683 1411 718 extrema
1428 672 1604 735 pedum

209 750 395 810 vestigia
433 760 579 795 vestes
615 760 827 807 auratas,
866 749 1060 811 gemmis
1093 750 1231 794 etiam
1265 748 1607 811 pretiosissimis

208 826 442 871 interdum
469 827 686 885 intextas,
714 827 997 881 deferentes,
1025 841 1131 870 curn
1158 825 1350 887 paribus
1377 825 1605 871 subselliis

205 918 287 947 seu
310 903 613 965 operimentis
634 920 892 965 equorum,
928 918 1056 964 quae,
1100 901 1211 946 solis
1236 903 1377 947 radiis
1408 903 1610 965 desuper

206 979 485 1035 lucentibus,
521 981 801 1025 intuentium
826 979 988 1025 oculos
1014 979 1393 1042 perstringebant
1416 990 1610 1044 propter

205 1055 425 1100 eximium
450 1057 550 1101 auri
573 1072 958 1118 gemmarumque
984 1054 1228 1117 fulgorem.
1271 1057 1414 1102 Erant
1441 1066 1485 1101 et
1514 1056 1612 1101 aliae

204 1132 302 1178 sine
323 1150 521 1178 numero
546 1144 741 1180 catervae
766 1134 997 1182 inferioris
1019 1133 1295 1190 nobilitatis,
1321 1149 1425 1195 quae
1444 1142 1608 1192 vestes,

206 1217 303 1253 tum
340 1226 455 1254 auro
487 1219 587 1255 tum
627 1221 819 1272 argento
855 1212 1049 1256 intextas
1084 1211 1159 1256 vel
1194 1211 1465 1272 insignitas,
1498 1228 1611 1274 pur-

203 1302 370 1348 pureas
428 1287 717 1350 sericeasque
772 1288 922 1333 omnis
979 1287 1160 1349 generis
1217 1288 1433 1333 colorum
1483 1287 1610 1333 defe-

203 1361 392 1421 rebant,
438 1380 544 1408 cum
582 1365 719 1409 variis
750 1381 802 1410 ac
839 1364 1122 1427 sumptuosis
1151 1380 1384 1426 equorum
1416 1381 1611 1410 suorum

204 1439 403 1502 phaleris
434 1450 478 1486 et
509 1443 804 1504 tegumentis.
839 1446 981 1487 Erant
1005 1452 1050 1487 et
1082 1441 1284 1487 militum
1320 1453 1610 1488 armatorum

201 1529 341 1581 atque
408 1521 702 1566 diversorum
760 1521 1024 1567 officiorum
1078 1522 1300 1567 cohortes
1359 1523 1458 1567 sine
1521 1540 1609 1568 nu-

203 1612 357 1652 mero,
394 1607 473 1642 aut
505 1598 586 1658 qui
608 1615 634 1643 a
657 1614 898 1661 quoquam
931 1597 1118 1644 difficile
1145 1598 1488 1662 comprehendi
1519 1616 1607 1663 po—

203 1672 378 1717 tuisset.

264 1750 599 1794 Communium
631 1760 787 1796 autem
814 1751 1104 1814 populorum
1134 1761 1273 1814 atque
1308 1751 1602 1813 plebeiorum

201 1834 327 1870 tanta
357 1842 409 1870 ex
438 1828 690 1888 provinciis
726 1822 1236 1873 omnibus'Galliarum
1276 1827 1441 1886 turba,
1481 1829 1603 1875 illius

199 1903 432 1965 ingressus
466 1913 603 1966 atque
637 1921 821 1967 pompae
850 1905 1134 1950 contuenda}
1166 1921 1304 1950 causa
1322 1941 1332 1961 ,
1361 1904 1422 1949 ad
1451 1905 1599 1968 ipsam

198 1980 364 2026 urbem
401 1983 574 2043 regiam
611 1983 901 2027 confluxerat
939 1982 997 2027 de
1030 1983 1161 2027 omni
1195 1997 1393 2044 genere,
1434 1993 1596 2041 aetate,

197 2075 331 2115 sexu,
371 2058 515 2120 gradu
550 2069 687 2120 atque
713 2058 903 2117 ordine,
944 2068 994 2103 ut
1017 2059 1231 2104 a³stimari
1267 2067 1366 2103 tum
1396 2059 1597 2106 audieri-

200 2151 302 2180 mus
331 2152 582 2180 numerum
601 2152 765 2179 eorum
795 2134 853 2180 ab
874 2151 971 2180 uno
1006 2133 1262 2179 venerabili
1289 2151 1398 2180 sene
1428 2136 1590 2194 milite,

197 2214 276 2274 qui
298 2214 417 2275 patri
443 2212 649 2274 ejusdem
672 2211 895 2256 Ludovici
918 2212 1036 2273 regis
1060 2228 1240 2274 suoque
1260 2228 1348 2257 avo
1373 2212 1454 2258 diu
1479 2215 1592 2262 olim

196 2290 431 2344 servierat,
461 2290 596 2334 fuisse
619 2305 757 2351 supra
781 2297 986 2333 trecenta
1011 2288 1155 2334 millia
1179 2289 1401 2352 capitum,
1426 2303 1592 2353 praeter

195 2365 375 2411 accolas
398 2366 518 2410 illius
545 2365 756 2410 civitatis.

263 2443 492 2505 Prii-cipua
519 2452 675 2488 autem
701 2457 875 2505 pompa
898 2452 943 2487 et
966 2458 1068 2503 quae
1091 2442 1229 2504 longe
1254 2453 1462 2503 caeteras,
1493 2456 1589 2491 tum

196 2534 392 2562 numero
433 2528 532 2562 tum
573 2527 961 2563 ornamentorum
1004 2519 1318 2581 pretiositate,
1359 2522 1586 2581 anteibat,

196 2594 278 2639 fuit
303 2596 361 2639 (le
390 2594 509 2638 (luce
538 2594 810 2655 Burgundiae
842 2604 886 2639 et
920 2594 1214 2658 principibus
1239 2611 1292 2641 ac
1320 2598 1592 2660 proceribus

193 2673 302 2715 suis.
342 2670 513 2715 Habuit
546 2672 694 2728 enim,
732 2681 825 2716 tam
858 2672 956 2734 ipse
989 2689 1132 2735 quam
1168 2673 1267 2730 sui,
1305 2690 1447 2735 supra
1479 2675 1594 2721 duas

193 2757 344 2810 partes
365 2747 606 2793 turbarum
625 2765 728 2810 quae
746 2748 1008 2811 potioribus
1030 2748 1267 2810 fulgebant
1285 2754 1589 2799 ornamentis.

404 2839 437 2860 11
1364 2829 1385 2862 2
