1923 3020
724 223 866 258 mmm
901 222 1138 268 QUARTUS.
1553 226 1620 259 351

238 314 329 350 tem
346 306 624 365 abstulisset,
642 308 851 353 arbitrati
870 318 992 353 sunt.
1011 313 1155 354 Tanta
1171 309 1296 354 enim
1312 308 1438 354 velut
1456 308 1626 355 nebula

235 391 279 427 et
304 392 395 428 tam
418 392 533 440 atra,
556 400 612 428 ex
637 385 807 431 ictibus
830 385 1155 447 hujuscemodi
1178 385 1517 444 machinarum,
1548 402 1626 432 aer

234 458 509 504 incrassatus
533 469 652 519 erat,
681 471 756 520 ut,
786 477 878 523 qua
899 470 1026 524 parte
1047 461 1254 507 hostium
1275 478 1450 508 cuneos
1469 463 1624 526 potius

233 536 518 589 invenirent,
547 553 643 581 non
670 539 778 583 satis
799 549 989 600 possent
1011 555 1281 600 agnoscere.

294 612 437 673 Igitur
457 612 536 657 tali
558 611 710 658 subita
736 614 996 675 irruptione
1019 615 1067 658 in
1093 614 1248 660 hostes
1278 631 1302 660 a
1328 616 1621 677 Burgundio-

228 686 365 731 nibus
383 687 519 743 facta,
543 687 738 733 emolliti
758 697 866 733 sunt
892 698 1147 750 utcumque
1175 690 1351 736 feroces
1374 692 1518 737 animi
1541 693 1624 739 im-

227 765 452 827 peratoris
476 774 521 809 et
543 781 738 810 suorum
761 767 1134 825 Germanorum,
1165 777 1211 812 et
1242 768 1396 813 statim
1429 779 1534 832 post
1563 769 1621 815 de

225 856 340 903 pace
365 841 696 905 componenda
720 843 842 888 inter
867 858 914 887 se
935 841 1133 887 verbum
1157 842 1439 890 habuerunt.

289 920 436 964 Porro
460 935 566 964 cum
588 955 598 976 ,
627 918 754 964 hisce
787 917 952 963 diebus
969 952 980 974 ,
1014 917 1098 962 de¹
1121 918 1299 979 ingenti
1324 921 1620 983 expeditione

224 1002 268 1038 et
300 995 469 1053 classe,
506 1011 621 1057 quas
646 995 903 1057 Anglorum
931 1011 1011 1040 rex
1037 993 1344 1058 adparaverat
1377 997 1437 1042 ad
1465 1014 1622 1061 aggre-

221 1069 447 1116 diendum
483 1088 682 1134 regnum
716 1075 1005 1117 Francorum
1037 1080 1083 1116 et
1117 1071 1340 1117 auxilium
1375 1073 1619 1120 ferendum

220 1147 610 1210 Burgundionum
636 1148 772 1206 duci,
803 1149 987 1194 sororio
1007 1164 1119 1204 suo,
1143 1157 1284 1210 atque
1307 1148 1514 1210 ejusdem
1537 1167 1617 1215 ap-

218 1224 355 1287 pulsu
391 1225 451 1270 ad
484 1225 642 1271 littora
677 1226 976 1271 Normanniae
1009 1224 1315 1271 celeberrima
1354 1235 1465 1272 tunc
1495 1227 1617 1275 fama

217 1300 553 1360 crebresceret,
585 1319 669 1348 seu
691 1303 889 1360 sincere,
917 1318 998 1347 seu
1023 1302 1177 1365 potius
1202 1301 1308 1347 ficte
1332 1311 1377 1347 et
1401 1319 1457 1348 ex
1492 1320 1615 1350 com-

216 1378 369 1440 posito
397 1378 546 1439 (quod
568 1393 596 1423 a
615 1378 828 1441 plurimis
856 1377 1088 1423 creditum
1119 1377 1225 1439 est),
1254 1394 1414 1424 comes
1443 1382 1616 1427 Sancti-

217 1454 361 1512 Pauli,
386 1470 526 1517 quem
542 1454 947 1501 constabularium
964 1455 1168 1499 Franciae
1188 1454 1326 1500 fuisse
1345 1472 1486 1519 supra
1505 1457 1616 1503 dixi-

213 1546 343 1589 mus,
372 1546 528 1592 regem
562 1534 849 1577 Francorum
865 1568 876 1590 ,
900 1531 981 1593 qui
1004 1531 1051 1575 iu
1073 1529 1285 1576 Picardia
1311 1541 1411 1577 tum
1436 1542 1534 1578 erat
1570 1544 1615 1579 et

213 1607 258 1651 in
286 1623 340 1653 ea
365 1623 533 1670 magna
564 1607 790 1671 perficere
818 1608 915 1670 jam
950 1608 1058 1653 satis
1089 1623 1314 1671 prospere
1342 1607 1608 1665 inchoarat,

211 1693 350 1746 atque
373 1685 538 1748 procul
561 1685 733 1743 dubio,
759 1685 848 1730 nisi
867 1684 977 1730 inde
1002 1694 1246 1730 revocatus
1266 1685 1448 1742 suisset,
1473 1686 1612 1732 sactu-

210 1777 288 1806 rus
312 1761 622 1807 verisimiliter
655 1771 777 1820 erat,
815 1778 899 1825 per
933 1761 1154 1824 epistolas
1181 1771 1226 1807 et
1249 1762 1439 1807 nuntios
1463 1771 1610 1808 terre-

210 1837 336 1883 fecit:
368 1837 455 1884 sibi
479 1838 699 1884 intimans
718 1838 789 1900 <ut
812 1854 837 1883 a
863 1838 1056 1883 feliciter
1078 1838 1240 1899 coeptis
1266 1853 1374 1882 eum
1399 1837 1607 1884 retrahe-

207 1914 296 1976 ret)
309 1914 440 1977 quod
456 1931 536 1960 rex
553 1915 811 1977 Anglorum
829 1913 890 1960 ad
905 1915 1061 1960 littora
1080 1914 1376 1959 Normanniae
1383 1913 1482 1974 jam
1499 1930 1607 1960 cum

207 1989 349 2036 classe
377 2008 460 2036 sua
484 1990 729 2054 appulerat
756 1990 829 2036 vel
858 1991 906 2035 in
935 1990 1180 2053 procinctu
1213 1998 1311 2034 erat
1344 1989 1424 2034 illo
1453 1990 1606 2054 appel·

206 2065 356 2124 lendi,
389 2077 435 2113 et
468 2067 600 2130 quod
631 2066 690 2112 de
724 2066 816 2111 hoc
850 2066 949 2128 ipse
982 2065 1154 2110 certior
1178 2074 1276 2110 erat
1297 2064 1460 2110 factus.
1492 2068 1605 2122 Quae

206 2159 278 2188 res
303 2160 329 2189 a
358 2160 464 2206 rege
495 2143 674 2189 credita
703 2152 886 2189 mature
919 2158 1054 2199 eum,
1082 2157 1191 2187 cuni
1221 2142 1315 2187 suis
1343 2142 1491 2205 copiis
1510 2179 1520 2199 ,
1553 2144 1601 2188 in

205 2221 542 2265 Normanniam
572 2218 798 2281 repedare
829 2218 951 2263 fecit.
997 2217 1139 2273 Quod
1173 2234 1281 2263 cum
1311 2218 1492 2264 fecisset
1524 2229 1597 2281 et,

205 2297 336 2359 quod
359 2296 449 2342 sibi
476 2313 502 2342 a
525 2296 651 2342 <licto
676 2296 848 2341 comite
875 2294 1181 2341 Sancti-Pauli
1208 2305 1478 2357 suggestum
1502 2296 1601 2343 fue-

202 2383 294 2431 rat,
333 2373 652 2436 comperiisset
682 2372 874 2417 veritate
907 2388 1005 2416 non
1038 2370 1313 2430 subsistere,
1352 2388 1495 2435 quam
1539 2373 1599 2420 de

200 2450 398 2514 perfidia
421 2467 503 2496 sua
524 2450 608 2495 diu
630 2450 727 2511 jam
756 2458 863 2494 ante
894 2449 1211 2512 suspicionem
1238 2461 1511 2513 acceperat,
1546 2461 1597 2497 ut

200 2527 286 2573 sibi
315 2527 514 2592 amplior
539 2537 582 2573 et
605 2525 930 2572 vehementior
960 2525 1090 2571 tieret
1121 2525 1252 2571 facile
1284 2526 1450 2572 effecit.
1482 2529 1595 2583 Quae

251 2695 288 2729 1.
322 2695 409 2730 Cum
431 2692 522 2728 dans
544 2691 577 2728 le
601 2704 669 2727 ms.
