1923 3020
701 258 844 292 Llssiza
872 255 1096 301 QmNTUs.
1525 256 1598 291 425

205 348 325 393 circa
350 363 397 393 se
421 346 595 410 plures,
623 345 791 408 quibus
820 346 886 390 rel
916 346 1058 408 ipsius
1081 342 1387 402 continentia,
1414 359 1516 406 quae
1542 342 1601 388 de

205 440 261 469 eo
286 423 525 469 communi
547 422 849 468 aestimatione
878 420 1154 476 habebatur,
1182 436 1349 484 parum
1373 419 1598 483 placeret,

205 517 262 546 eo
285 500 415 563 quod
438 516 485 545 se
508 498 743 545 lubentius
767 499 1060 560 voluptatum
1085 497 1322 542 ministros
1343 506 1484 558 atque
1508 505 1603 541 tur-

206 576 471 638 pitudinum
497 575 585 620 sibi
615 574 956 630 exhibuissent,
989 589 1071 636 spe
1101 582 1301 635 quaestus
1334 582 1378 617 et
1406 572 1523 618 lucri
1550 587 1604 617 ex

209 651 374 697 talibus
394 651 660 696 ministeriis
677 648 899 706 venandi,
921 648 988 693 uti
1009 648 1135 710 apud
1155 649 1459 711 quamplures
1483 648 1606 710 prin-

206 729 331 791 cipes
356 738 400 773 et
428 738 649 788 tyrannos
676 726 806 771 facile
830 726 1051 771 inveniri¹
1077 725 1217 780 solet,
1249 726 1285 770 si
1323 742 1430 770 eum
1472 725 1604 771 lasci-

207 804 409 849 vientem
427 814 566 866 atque
585 802 819 849 lubricum
839 811 883 846 et
904 801 1105 847 foeminis
1121 801 1478 847 adhinnientem
1499 818 1607 862 cog·

207 881 463 926 novissent.
785 867 796 878 ’

272 957 404 1001 Circa
436 955 710 1018 religionem
739 964 837 999 erat
866 956 973 999 satis
1003 954 1212 1014 deditus,
1238 955 1435 1017 diligens
1459 954 1608 999 excel—

210 1032 353 1077 lentes
376 1041 608 1090 cantores,
635 1030 1039 1094 quemadmodum
1060 1041 1105 1076 et
1126 1041 1258 1094 pater
1280 1049 1392 1077 suus
1415 1031 1606 1089 fecerat3

211 1108 335 1153 unde
353 1124 538 1171 semper
550 1107 798 1153 honestam
816 1117 861 1153 et
875 1107 1173 1169 magnificam
1192 1108 1421 1173 capellam
1440 1109 1605 1165 tenuit,

211 1194 254 1229 et
276 1202 386 1230 cum
411 1186 504 1230 suis
526 1184 796 1230 cantoribus
820 1186 867 1230 in
892 1195 1030 1231 cantu
1055 1185 1327 1245 delectatus,
1354 1186 1493 1232 etiam
1517 1186 1610 1249 pri-

215 1262 356 1307 vatim
381 1261 637 1323 aliquando
659 1261 878 1306 cantavit.

274 1338 382 1383 Vini
406 1348 450 1383 et
474 1354 684 1384 escarum
708 1337 894 1383 sobrius
918 1347 963 1383 et
988 1348 1253 1402 temperans
1279 1339 1365 1384 fuit
1375 1356 1388 1396 3
1417 1339 1479 1383 ita
1501 1355 1612 1402 pro-

213 1414 330 1459 fecto
353 1424 425 1472 ut,
454 1415 514 1472 si,
543 1414 948 1476 quemadmodum
971 1415 1102 1461 initio
1127 1415 1393 1475 inchoarat,
1421 1417 1480 1460 ita
1508 1432 1613 1478 per-

212 1507 421 1537 severare
442 1492 684 1554 potuisset,
711 1492 971 1553 singularis,
995 1493 1115 1538 inter
1131 1494 1366 1556 principes
1384 1493 1611 1555 egregiOS,

215 1584 335 1612 unus
359 1567 516 1613 fuisset
539 1584 636 1613 non
661 1568 828 1629 injuria
851 1568 1214 1631 computandus
1243 1569 1381 1632 Atqui
1411 1587 1433 1612 «
1461 1569 1614 1615 nescia

216 1659 346 1690 mens
369 1644 599 1704 hominis,
632 1664 653 1686 ³)
681 1654 733 1690 ut
755 1647 884 1691 Maro
909 1646 1086 1708 inquit,

835 1768 910 1809 fati
930 1769 1131 1826 sortisque
1150 1768 1315 1823 futurae,

360 1837 447 1879 Nec
468 1853 629 1880 servare
650 1839 827 1881 modum
848 1839 974 1882 rebus
995 1840 1156 1882 sublata
1175 1840 1386 1894 secundis,

215 1953 261 1997 in
288 1962 468 2000 tantam
492 1970 601 2000 eum
630 1956 880 2001 elationem
908 1957 1153 2017 extulerat,
1187 1967 1237 2002 ut
1270 1958 1508 2003 neminem
1534 1975 1615 2004 cu-

217 2045 341 2086 rare,
380 2031 452 2076 vel
484 2032 710 2078 aestimare
746 2050 1035 2096 quemquam
1063 2044 1142 2080 aut
1177 2035 1326 2080 vereri
1358 2035 1612 2081 videretur.

221 2106 372 2163 Unde,
409 2108 539 2170 quasi
574 2125 741 2171 parum
774 2110 863 2154 sibi
897 2109 1037 2167 foret,
1077 2111 1113 2155 si
1147 2111 1297 2156 solum
1329 2114 1615 2157 Francorum

218 2197 372 2242 regem
396 2183 641 2229 inimicum
664 2185 944 2230 acerrimum
968 2185 1178 2246 haberet,
1206 2204 1397 2233 omnem
1420 2190 1618 2233 Germa-

219 2257 343 2302 niam
377 2268 421 2303 et
456 2260 692 2324 principes
725 2261 958 2323 ejusdem,
995 2271 1133 2324 atque
1164 2263 1268 2309 illos
1301 2264 1466 2322 etiam,
1506 2274 1618 2309 tunc

219 2332 424 2378 bellandi
446 2336 767 2396 peritissimos,
795 2338 1080 2383 Suitensium
1104 2340 1326 2403 populos,
1343 2340 1486 2403 paulo
1512 2351 1617 2386 ante

219 2426 384 2455 omnes
405 2411 491 2455 sibi
513 2413 687 2458 amicos
711 2424 755 2459 et
776 2413 1052 2474 benevolos,
1080 2416 1236 2462 hostes
1259 2416 1345 2462 sibi
1369 2417 1619 2463 infensissi-

221 2503 342 2541 mos,
376 2487 546 2532 invitos
576 2489 932 2550 quodammodo
960 2508 1014 2538 ac
1039 2502 1328 2553 recusantes,
1355 2494 1393 2540 si
1416 2493 1617 2539 licuisset

223 2562 339 2620 lieri,
366 2564 551 2626 impulit
575 2575 618 2610 et
641 2567 807 2628 coegit.

274 2699 310 2735 1.
343 2700 512 2735 Invenire
531 2700 623 2738 dans
646 2701 680 2739 le
703 2715 771 2740 ms.
