1923 3020
767 286 907 320 LIBER
935 286 1128 320 PRIMUS.
1600 288 1646 321 87

692 495 1027 537 CAPITULUM
1061 496 1200 538 XXV.

497 627 546 657 De
567 626 762 671 captivitate
782 626 934 659 Bastardi
951 625 993 659 de
1010 626 1187 672 Rubemprd
1202 626 1236 659 in
1255 630 1405 659 Gor-cum.

319 758 435 800 Cum
459 757 601 811 enim,
630 766 678 801 ut
704 773 843 820 supra
868 757 1127 813 retuliums,
1157 766 1397 802 contracta
1421 756 1651 802 nonnulla

254 833 298 876 in
325 841 501 894 patrem
534 833 734 889 offensa,
762 843 972 878 metuens
998 843 1243 895 paternam
1273 833 1650 895 indignationem

254 908 334 953 diu
367 909 491 971 apud
521 909 746 967 Gor-kam,
785 909 1038 954 Hollandiae
1075 909 1334 971 oppidum,
1369 909 1648 968 delituisset,

254 985 298 1028 in
336 984 504 1029 eodem
539 985 670 1041 loco,
714 986 793 1048 qui
832 1001 967 1048 supra
1009 984 1157 1029 Rheni
1192 984 1367 1030 fluenta
1402 986 1515 1030 situs
1555 995 1650 1041 est,

254 1076 422 1122 magna
453 1061 666 1124 capiebat
697 1061 882 1117 solatia,
911 1060 1102 1105 diversis
1128 1059 1354 1116 venandi,
1383 1061 1652 1123 aucupandi

253 1153 333 1182 seu
370 1138 576 1200 piscandi
616 1138 842 1183 exercitiis
879 1139 1101 1200 temporis
1149 1136 1330 1182 fastidia
1377 1137 1648 1183 excludens.

253 1214 457 1274 Contigit
490 1224 646 1259 autem
683 1224 757 1273 ut,
800 1230 893 1258 uno
930 1213 1050 1270 die¹,
1089 1213 1282 1275 quidam
1314 1213 1562 1259 Bastardus
1592 1214 1651 1260 de

255 1288 546 1351 Rubempre‘2,
575 1290 649 1335 cui
673 1306 699 1334 a
724 1306 829 1350 rege
860 1288 1034 1335 traditae
1066 1299 1196 1334 erant
1226 1288 1328 1335 duae
1360 1289 1517 1350 galleae
1542 1291 1652 1335 sub-

256 1365 355 1411 tiles
392 1367 535 1428 (quas
577 1375 751 1412 veteres
791 1382 869 1412 seu
906 1366 1186 1424 dromones,
1227 1383 1308 1412 seu
1351 1367 1650 1430 mioparones

254 1442 566 1505 appellarunt)
598 1442 706 1487 viris
731 1442 963 1504 armisque
993 1442 1248 1501 instructae,
1278 1451 1326 1487 ut
1357 1443 1415 1488 ad
1445 1453 1650 1489 secretos

255 1518 369 1563 fines
403 1519 547 1564 maria
580 1528 623 1563 et
656 1518 850 1563 flumina
879 1518 1193 1575 collustraret,
1231 1535 1339 1563 cum
1366 1518 1551 1564 duabus
1579 1520 1649 1566 vel

254 1595 396 1640 altera
426 1605 490 1640 ex·
508 1594 780 1656 hujusmodi
809 1594 963 1656 galleis
988 1594 1044 1639 ad
1072 1595 1220 1658 ripam
1254 1594 1400 1640 Rheni
1425 1595 1647 1650 fluminis,

248 1672 379 1732 juxta
402 1670 577 1716 dictum
602 1671 829 1734 oppidum
856 1670 914 1716 de
941 1670 1164 1725 Gorkum,
1195 1671 1486 1716 adventaret.

319 1747 410 1803 Qui
439 1764 545 1792 cum
576 1747 665 1792 illic
695 1764 791 1791 uno
818 1746 1086 1809 pluribusve
1117 1748 1314 1793 stetisset
1340 1747 1528 1804 diebus,
1559 1747 1651 1793 hcc

255 1823 444 1885 praefato
474 1824 644 1867 comite
673 1823 860 1884 suisque
893 1823 1215 1885 ignorantibus
1247 1840 1334 1869 nec
1369 1823 1651 1868 attendenti-

256 1898 366 1957 bus,
395 1899 647 1960 quemdam
672 1916 726 1944 ex
756 1900 892 1944 sociis
915 1900 1007 1945 suis
1034 1899 1149 1945 forte
1174 1900 1367 1961 contigit
1393 1900 1621 1962 oppidum
1638 1936 1648 1955 ‚

255 1976 553 2020 recreationis
583 1991 744 2032 causa,
783 1975 991 2020 introire.
1033 1976 1124 2031 Qui
1153 1992 1260 2021 cuin
1294 1992 1320 2021 a
1352 1975 1560 2037 quodam
1593 1975 1651 2020 de

256 2050 400 2095 domo
435 2061 479 2096 et
512 2050 682 2096 familia
715 2051 886 2113 praefati
916 2052 1097 2097 domini
1129 2052 1187 2097 de
1221 2051 1466 2097 Clzarolois
1494 2051 1654 2097 suisset

256 2128 459 2189 agnitus,
488 2126 545 2172 ab
575 2127 740 2171 eodem
766 2127 881 2171 nihil
905 2129 1167 2190 suspicante
1191 2128 1388 2172 comiter
1410 2137 1478 2172 est
1506 2128 1652 2173 inter-

258 2213 445 2264 rogatus
463 2219 676 2265 quaenam
695 2219 831 2248 causa
851 2204 1003 2266 ipsum
1025 2203 1102 2248 illo
1121 2203 1402 2249 adduxisset.
1426 2204 1519 2259 Qui
1537 2203 1652 2248 nihil

256 2280 395 2325 etiam
429 2280 487 2325 de
522 2280 593 2324 his
627 2280 763 2325 rebus
800 2281 1042 2338 conscius,
1082 2298 1166 2344 pro
1203 2281 1372 2343 quibus
1406 2282 1537 2328 navis
1573 2281 1652 2326 illo

257 2357 525 2419 appulisset,
549 2357 661 2402 dixit
685 2374 732 2402 se
752 2373 859 2401 cum
881 2358 1069 2419 praefato
1092 2358 1312 2403 Bastardo
1335 2358 1443 2403 illuc
1467 2358 1652 2418 navigio

255 2433 526 2479 adventasse
561 2449 668 2477 cum
704 2433 886 2478 circiter
921 2434 1158 2495 octoginta
1192 2434 1303 2479 viris
1335 2435 1541 2480 armatis.
1578 2433 1652 2478 Ob

312 2572 347 2605 1.
379 2568 447 2605 Fin
469 2567 514 2604 de
538 2567 750 2618 septembre
777 2570 890 2606 1464.

310 2630 347 2665 2.
379 2627 509 2664 C'etait
534 2641 583 2664 un
608 2627 760 2664 homme
781 2630 799 2664 a
820 2636 899 2665 tout
925 2627 1039 2677 faire,
1067 2629 1130 2679 qui
1153 2630 1268 2666 tenait
1288 2630 1310 2667 a
1333 2629 1368 2666 la
1386 2628 1577 2678 puissante
1597 2627 1653 2664 fa-

258 2687 359 2723 mille
381 2687 444 2724 des
468 2690 580 2736 Croy,
605 2701 667 2724 cai·
690 2686 723 2724 le
743 2687 917 2738 seigneur
937 2688 983 2726 (le
1001 2688 1236 2738 Rubempre,
1261 2702 1327 2725 son
1351 2688 1462 2732 frere,
1493 2686 1579 2722 &tait
1601 2686 1656 2722 fils

256 2746 302 2782 de
323 2746 356 2783 la
375 2759 513 2797 propre
531 2760 631 2783 soeui·
646 2746 696 2783 du
713 2747 786 2784 sire
805 2747 851 2784 de
868 2749 980 2798 Croy.
