1923 3020
237 206 311 240 302
599 204 931 240 HISTORIARUM
961 203 1194 239 LUDOVICI
1224 205 1279 238 XI

235 292 313 337 illo
338 293 496 355 copias
532 290 680 344 misit,
708 297 849 350 atque
877 288 1114 334 civitatem
1144 289 1315 350 ipsam,
1342 288 1388 332 in
1421 304 1515 350 qua
1544 301 1640 336 erat

236 371 360 416 idem
384 385 543 415 comes
562 404 573 426 ,
601 365 851 412 obsidione
868 366 1022 412 valida
1045 367 1305 428 constringi
1325 365 1445 411 fecit.
1473 369 1641 412 Comes

234 458 389 492 autem
424 455 492 502 et,
535 460 656 507 quos
692 460 852 489 secum
885 442 1118 500 habebat,
1160 444 1339 488 strenui
1377 452 1421 488 et
1464 443 1640 506 experti

233 541 474 570 armorum
507 523 674 568 milites
702 523 896 568 viriliter
922 532 967 568 et
995 523 1208 568 animose
1241 538 1289 567 se
1322 531 1367 567 et
1401 522 1640 568 civitatem

233 600 580 657 (lelendebant3
610 600 668 645 ita
696 609 747 644 ut
769 599 829 644 de
852 600 1055 644 exercitu
1080 600 1222 661 regis,
1251 599 1330 661 qui
1355 615 1434 644 eos
1460 615 1641 662 preme—

233 677 310 722 bat
343 676 582 734 obsessos,
607 676 834 739 plurimos
866 677 1176 739 perimerent,
1207 675 1264 720 de
1287 674 1526 738 peditibus
1554 692 1639 737 po-

234 750 430 806 tissime,
459 766 579 813 quos
614 749 800 794 francos
838 749 1099 811 sagittarios
1134 757 1323 794 vocant.
1366 747 1457 792 Sed
1499 763 1637 804 cum,

234 828 459 891 temporis
495 828 722 884 decursu,
752 827 878 890 ipsos
914 826 1132 872 obsessos
1169 835 1462 871 commeatus
1498 834 1542 870 et
1568 840 1640 869 re-

233 921 338 949 rum
379 905 482 950 usui
523 904 891 951 necessariarum
934 903 1095 966 inopia
1145 911 1406 966 premeret,
1446 901 1641 946 tentavit

233 983 332 1044 ipse
369 998 530 1028 comes
562 999 671 1027 cum
705 980 906 1026 ducibus
942 990 987 1025 et
1029 980 1261 1042 magistris
1309 978 1484 1024 militiae
1525 978 1641 1040 regis

232 1074 521 1121 componere
537 1095 547 1115 ,
575 1067 964 1121 opportunasque
990 1055 1078 1100 sibi
1100 1056 1229 1118 pacis
1249 1054 1548 1100 conditiones
1574 1055 1642 1098 in-

234 1137 408 1181 x‘enire.
452 1139 579 1192 Quas
612 1152 747 1194 cum,
787 1135 853 1179 uti
889 1132 1141 1196 poscebat,
1179 1132 1373 1177 minime
1407 1131 1523 1187 sibi,
1561 1131 1642 1176 sed

232 1213 319 1258 sub
352 1214 488 1259 certis
525 1213 753 1259 duntaxat
794 1211 902 1256 satis
941 1209 1078 1254 arctis
1118 1218 1162 1254 et
1206 1209 1413 1271 angustis
1463 1207 1643 1269 legibus

232 1289 344 1335 dare
370 1307 504 1353 posse
541 1298 825 1345 assererent,
852 1304 877 1332 a
917 1304 1024 1349 rege
1055 1303 1167 1332 vero
1209 1285 1561 1331 favorabiliores
1599 1293 1643 1330 et

163 1383 178 1399 ¹
232 1365 558 1411 clementiores
604 1366 759 1410 forsan
799 1372 1104 1426 accepturum
1148 1362 1248 1407 fore
1289 1361 1503 1407 diffidere
1544 1377 1641 1406 non

232 1444 420 1503 debere,
452 1444 645 1508 polliciti
669 1451 780 1488 sunt
809 1441 962 1486 eidem
989 1439 1139 1502 quod¹
1165 1456 1273 1485 eum
1297 1439 1356 1484 ad
1387 1455 1542 1501 regem
1569 1454 1644 1483 se-

233 1538 344 1567 cure
368 1521 683 1579 deducerent,
724 1528 775 1564 ut
809 1518 868 1563 ab
905 1534 990 1578 eo,
1033 1517 1070 1562 si
1102 1526 1283 1580 posset,
1312 1517 1507 1579 gratiam
1542 1531 1641 1561 am-

232 1598 430 1662 pliorem
457 1608 597 1659 atque
623 1596 895 1642 uberiorem
921 1603 1211 1658 reportaret3
1239 1594 1278 1639 si
1300 1609 1413 1639 vero
1451 1592 1495 1637 id
1527 1608 1642 1638 con-

232 1678 362 1738 sequi
383 1691 407 1720 a
434 1691 539 1736 rege
567 1690 663 1719 non
693 1672 887 1728 valeret,
918 1670 1192 1734 oblatasque
1215 1669 1302 1716 sibi
1326 1669 1454 1733 pacis
1480 1668 1644 1714 condi-

232 1753 382 1797 tiones
408 1768 503 1796 non
532 1751 725 1796 duceret
744 1748 1083 1812 acceptandas,
1105 1748 1245 1794 etiam
1266 1764 1372 1793 eum
1398 1745 1508 1812 inde
1532 1763 1641 1792 cum

232 1828 325 1875 sida
367 1838 409 1873 et
448 1827 673 1873 inviolata
708 1827 980 1882 securitate,
1018 1843 1114 1888 quo
1158 1825 1320 1882 vellet,
1366 1823 1641 1869 reducturos

231 1906 411 1951 salvum
445 1906 792 1968 promiserunt,
833 1920 980 1965 usquc
1015 1903 1154 1947 etiam
1191 1901 1251 1947 ad
1290 1910 1513 1946 montana
1550 1915 1642 1945 suae

233 1982 363 2026 vallis
388 1984 567 2039 Aru-2122,
598 1982 633 2026 si
662 1981 753 2025 boc
778 1979 1085 2025 desideraret.

298 2057 394 2103 Sub
420 2058 588 2120 quibus
613 2055 1033 2121 promissionibus,
1064 2065 1107 2100 et
1132 2054 1190 2100 de
1219 2055 1327 2118 ipsis
1357 2053 1492 2117 plene
1523 2070 1638 2099 con·

234 2136 367 2194 fisus,
397 2154 505 2182 cum
534 2154 620 2200 pro
652 2147 866 2200 tempore
889 2135 1132 2181 meliorem
1158 2149 1245 2177 suo
1266 2132 1526 2177 infortunio
1551 2132 1642 2176 exi-

234 2225 333 2260 tum
360 2232 456 2260 non
484 2214 685 2273 videret,
715 2214 849 2275 regiis
875 2213 986 2276 ipsis
1018 2210 1219 2257 ducibus
1253 2220 1390 2271 atque
1415 2207 1642 2254 militibus

233 2302 500 2355 aperturam
526 2301 771 2354 portarum
798 2291 929 2347 fecit,
961 2306 1137 2351 eosque
1168 2289 1214 2332 in
1245 2303 1376 2332 suam
1408 2287 1641 2331 civitatem

234 2370 448 2433 recepiff.
486 2371 637 2424 Quam
673 2385 779 2412 rum
817 2368 1009 2428 ingressi
1046 2366 1263 2420 fuissent,
1303 2380 1510 2427 moxque
1548 2363 1642 2408 rixa

234 2446 449 2510 quaedam
474 2446 594 2490 inter
624 2444 829 2508 aliquem
855 2444 913 2490 de
940 2445 1034 2489 suis
1069 2454 1114 2489 et
1148 2442 1290 2488 alium
1328 2441 1387 2487 de
1413 2440 1641 2487 militibus

289 2579 325 2612 1.
358 2577 421 2612 Ad
438 2587 486 2612 au
506 2574 582 2610 lieu
600 2572 646 2609 de
666 2574 765 2622 quod
783 2572 876 2609 dans
902 2573 935 2610 le
957 2586 1025 2610 ms,

287 2637 326 2671 9..
358 2637 453 2684 Voy.
478 2632 679 2679 ci-dessus,
704 2645 743 2682 p.
765 2633 855 2668 284.

288 2696 324 2731 3.
356 2697 406 2730 Le
429 2696 450 2730 5
477 2707 575 2730 mars
596 2694 708 2729 1473.
