1923 3020
713 242 851 278 LIBER
880 240 1145 279 SECUNDUS.
1561 239 1633 274 137

237 348 341 376 rum
372 331 550 395 specie,
579 329 684 394 plus
709 329 768 375 de
798 329 896 391 ejus
921 328 1094 389 gratia,
1119 327 1276 372 minus
1304 342 1415 371 vero
1448 325 1508 371 de
1537 325 1635 387 ejus

236 406 532 452 simulatione
571 416 615 451 et
646 405 755 451 dolo
780 405 1004 468 suspicari
1028 403 1389 467 permitteretur.
1414 400 1504 447 Sed
1539 416 1634 463 quo

236 482 282 528 id
318 492 473 543 ageret
506 483 691 540 animo,
727 497 965 544 quamque
994 480 1080 525 sul]
1104 477 1459 542 hujuscemodi,
1492 477 1635 523 veluti

237 574 447 604 escarum
474 558 610 604 melle
641 559 886 613 illitarum,
922 558 1244 618 integumento
1268 553 1535 600 lethiferum
1572 563 1636 599 te-

235 644 420 697 geretur
464 634 720 697 lateretque
757 651 1017 689 venenum,
1063 650 1222 678 rerum
1270 641 1492 688 eventus,
1533 647 1635 694 quae

236 710 377 775 paulo
411 721 518 773 post
554 711 811 756 subsecutae
843 719 1014 756 suntet
1035 726 1118 772 per
1142 726 1296 772 regem
1322 718 1482 771 gestoe,
1504 710 1636 754 omni

235 787 536 848 ambiguitate
560 798 765 847 semota,
793 787 1108 835 declararunt.

300 864 489 926 Recepit
512 864 667 926 itaque
687 880 713 909 a
738 880 845 926 rege
864 879 967 926 quae
988 871 1099 906 tunc
1116 862 1270 924 petiit,
1296 870 1391 907 tam
1415 878 1503 925 pro
1524 878 1638 924 prae-

236 941 329 987 fato
367 940 565 986 domino
604 941 799 999 Cau-010,
829 940 951 1001 regis
980 955 1204 1000 germano
1224 975 1238 995 ,
1262 954 1404 1000 quam
1441 955 1528 1001 pro
1560 956 1634 994 se,

233 1034 392 1063 comes
416 1019 620 1064 illustris.
648 1021 888 1074 Quantum
912 1025 1066 1062 autem
1094 1032 1181 1078 pro
1214 1015 1314 1060 aliis
1340 1015 1482 1076 egerit
1505 1015 1636 1077 prin-

233 1094 415 1157 cipibus
435 1095 673 1153 factionis,
695 1094 868 1157 quidve
886 1110 972 1155 pro
994 1091 1169 1137 eisdem
1185 1107 1211 1137 a
1230 1107 1338 1152 rege
1359 1089 1633 1150 obtinuerit,

234 1187 331 1216 non
356 1171 464 1217 satis
483 1180 780 1234 compertum
797 1169 1078 1226 habuimus;
1103 1168 1191 1213 nisi
1210 1167 1341 1230 quod
1362 1167 1638 1228 generaliter

235 1247 481 1305 omnibus,
520 1257 616 1293 tam
647 1246 938 1311 principibus
965 1261 1108 1308 quam
1139 1243 1347 1290 vassallis
1371 1259 1564 1298 eorum,
1593 1253 1638 1288 et

233 1326 316 1388 qui
339 1326 404 1371 eis
436 1326 482 1370 in
507 1324 835 1387 hujuscemodi
868 1323 1208 1369 insurrectione
1233 1321 1511 1377 servierant,
1538 1337 1640 1365 om-

235 1403 309 1447 nia
348 1402 510 1465 plene,
558 1411 787 1464 quantum
819 1410 955 1446 cartae
990 1398 1369 1460 membranaeque
1408 1397 1638 1442 sustinere

234 1488 458 1542 potuere,
497 1478 765 1524 condonata
802 1486 938 1533 sunt3
977 1485 1020 1521 et
1068 1474 1259 1538 singulis
1296 1473 1517 1536 utrinque
1555 1490 1637 1520 sua

235 1555 417 1613 omnia,
442 1572 544 1618 quae
568 1564 704 1618 capta
723 1570 821 1599 6556
845 1561 1120 1617 potuerant,
1144 1551 1458 1597 tumultuante
1482 1549 1639 1612 hujus-

236 1633 363 1678 modi
388 1633 642 1692 seditione,
666 1634 900 1691 restituta,
935 1631 1331 1692 sacramentisque
1364 1629 1638 1674 solemniter

232 1711 445 1775 praestitis
495 1709 606 1755 hinc
649 1709 759 1754 inde
792 1709 919 1754 fuere
951 1708 1163 1767 firmata,
1193 1707 1355 1753 omnia
1391 1722 1494 1769 quae
1523 1723 1636 1751 eon-

232 1799 370 1834 venta
396 1798 536 1850 atque
567 1787 679 1832 hinc
703 1786 813 1832 inde
847 1786 1065 1850 stipulata
1086 1785 1277 1830 fuissent
1302 1794 1346 1829 et
1369 1783 1605 1846 promissa
1622 1819 1634 1840 ‚

232 1864 405 1910 debere
422 1873 650 1928 perpetuo
669 1862 1095 1925 inviolabiliterque
1113 1861 1302 1907 servari.
1326 1859 1466 1916 Quod
1488 1876 1638 1922 quan—

231 1951 327 1987 tam
344 1941 392 1985 in
413 1941 579 1986 effectu
606 1940 954 1985 exsecutionem
978 1949 1021 1985 et
1040 1937 1386 1985 observantiam
1400 1935 1634 1993 habuerit,

230 2036 256 2065 6
279 2019 475 2080 vestigio
508 2027 748 2073 ostensum
779 2027 875 2077 est,
903 2026 953 2062 ut
983 2015 1231 2080 paululum
1266 2024 1374 2078 post
1406 2013 1543 2059 latius
1566 2030 1637 2059 re-

230 2096 451 2142 feremus.

294 2171 386 2218 Sed
409 2181 454 2216 et
480 2169 538 2216 de
561 2169 692 2215 hono
716 2169 935 2234 publico,
965 2169 1052 2214 sub
1073 2168 1206 2230 cujus
1223 2167 1378 2231 specie
1403 2175 1447 2212 et
1470 2166 1606 2212 titulo
1622 2204 1633 2226 ,

232 2259 327 2295 tota
354 2248 453 2294 haec
486 2248 627 2293 factio
662 2256 878 2292 exortum
912 2245 1168 2303 habuerat,
1206 2243 1359 2289 nullus
1408 2253 1489 2289 aut
1527 2244 1637 2289 satis

228 2325 392 2370 sterilis
408 2335 452 2370 et
467 2324 785 2369 infructuosus
803 2340 957 2368 sermo
978 2322 1166 2368 habitus
1181 2331 1264 2367 est.
1283 2321 1635 2367 Tantummodo

228 2401 319 2446 hoc
354 2400 694 2459 intelleximus,
730 2400 918 2462 triginta
946 2416 1025 2445 sex
1053 2399 1179 2444 viros
1217 2397 1480 2456 solemnes,
1515 2397 1635 2444 duo-

226 2477 379 2523 decim
407 2477 767 2534 ecclesiasticos,
797 2477 1050 2522 duodecim
1076 2492 1131 2521 ex
1155 2475 1400 2521 nobilitate
1418 2512 1428 2532 ‚
1456 2486 1501 2521 et
1516 2475 1636 2521 duo-

230 2555 381 2600 decim
405 2570 461 2599 ex
486 2554 730 2599 communi
753 2563 798 2599 et
833 2554 1038 2599 inferiori
1061 2555 1230 2611 statu¹‚
1267 2553 1513 2598 communi
1539 2561 1634 2597 tam

287 2720 320 2757 1.
352 2720 406 2754 La
426 2716 509 2754 liste
530 2716 576 2754 de
597 2729 659 2754 665
679 2718 727 2754 36
749 2715 1023 2753 eommissaires
1043 2723 1097 2753 est
1115 2715 1315 2765 imprimee
1334 2714 1427 2750 dans
1448 2713 1502 2750 les
1521 2712 1634 2751 suites
