1923 3020
350 261 425 295 242
713 257 937 293 HISTORIA
944 257 1049 291 RUM
1078 258 1310 294 LUDOVICI
1337 260 1392 294 XI

347 355 474 391 tanta
506 344 681 406 quippe
717 341 973 404 eupiditate
1007 359 1088 388 seu
1132 342 1328 391 libidine
1361 343 1640 390 dominandi
1672 347 1750 393 fla·

344 421 507 482 grabat
549 436 743 481 seseque
780 419 1062 481 ulciscendi,
1115 430 1163 465 ut
1213 421 1272 466 (le
1306 421 1511 483 justitia,
1563 421 1622 466 de
1667 421 1752 467 ho-

342 515 475 557 nore,
502 497 561 543 de
598 496 735 543 laude
759 514 841 542 seu
879 497 1051 559 gloria,
1078 497 1196 543 nihil
1230 499 1435 562 cogitare
1466 499 1653 562 penitus
1681 500 1749 544 vi-

342 575 549 621 deretur.

407 655 526 697 Cum
555 654 713 715 itaque
740 652 957 714 concepti
982 650 1332 715 niachinatique
1355 652 1548 714 alicujus
1579 652 1747 697 atrocis

342 728 543 787 sceleris,
572 746 628 773 ex
654 739 750 775 tarn
777 730 1057 791 intempesta
1082 737 1127 773 et
1153 729 1376 792 praecipiti
1402 728 1513 774 dicti
1544 729 1749 775 bastardi

343 804 473 867 fuga,
501 805 663 868 opinio
687 805 856 850 animis
879 805 1093 850 oninium
1120 821 1249 867 ptrue
1274 805 1517 863 insideret,
1543 822 1750 869 propen-

339 884 434 928 sior
460 900 572 929 cura
599 883 761 929 habita
788 892 856 929 est
883 883 940 928 de
967 883 1111 928 totius
1142 883 1207 927 rei
1233 898 1372 928 scena
1398 883 1751 946 inquisitionem

342 962 558 1008 faciendi.
591 963 735 1025 Igitur
761 962 942 1024 equites
968 961 1056 1019 illi,
1089 962 1169 1022 qni
1195 978 1304 1006 cuni
1333 961 1463 1007 bono
1490 962 1664 1008 rustico
1691 962 1751 1008 ad

341 1038 681 1084 inveniendum
739 1048 1031 1102 portatorem
1077 1037 1337 1082 litterarum
1391 1037 1451 1082 ad
1505 1039 1750 1084 Sanctum-

342 1114 638 1160 Odomartun
663 1117 790 1161 inissi
817 1115 1016 1173 fuerant,
1043 1125 1137 1159 tani
1161 1124 1371 1159 exactam
1394 1114 1453 1159 de
1476 1115 1577 1177 ipso
1602 1115 1753 1160 inves-

344 1192 617 1253 tigationem
643 1192 875 1250 fecerunt,
903 1191 1035 1254 quod
1053 1190 1273 1236 eumdem
1295 1190 1352 1235 ad
1380 1193 1534 1236 statim
1561 1192 1751 1236 invene-

340 1279 477 1326 runt,
521 1269 860 1330 inventumque
898 1267 957 1313 ad
997 1267 1249 1312 dominum
1286 1266 1456 1312 ducem
1492 1267 1749 1313 Hesdinum

340 1347 656 1393 adduxerunt.
696 1348 787 1403 Qui
827 1347 1021 1391 solerter
1062 1362 1117 1392 ac
1154 1345 1400 1407 diligenter
1432 1346 1747 1405 examinatus,

344 1425 481 1469 totius
521 1424 705 1469 malitiae
741 1433 1031 1470 conventum
1067 1423 1266 1481 detexit,
1306 1434 1350 1468 et
1390 1423 1551 1468 dicens
1585 1440 1632 1469 se
1668 1441 1752 1487 per

342 1518 498 1562 regem
533 1501 590 1547 ad
638 1501 918 1546 Balduinuin
935 1536 946 1557 ,
990 1500 1178 1546 fratrem
1221 1518 1356 1546 suum
1374 1538 1384 1558 ,
1429 1501 1751 1546 transmissum

343 1579 504 1637 fuisse,
541 1578 812 1640 litterasque
846 1577 971 1634 illas,
1007 1593 1123 1639 quas
1155 1576 1243 1622 sibi
1277 1576 1566 1635 reddendas,
1599 1578 1751 1624 eidem

343 1655 514 1700 rustico
533 1654 788 1701 tradiderat
808 1654 1126 1718 perferendas,
1154 1655 1405 1717 recepisse,
1434 1670 1599 1699 verum
1623 1654 1753 1717 oppi-

342 1734 481 1792 dum,
509 1734 622 1778 dum
651 1734 806 1796 ipsum
830 1732 1283 1796 appropinquasset,
1311 1730 1492 1793 ingredi
1516 1731 1748 1791 timuisse,

344 1820 389 1855 et
426 1810 486 1855 ad
518 1809 1082 1856 Sanctum·Odomarum
1114 1809 1396 1872 profectum.
1434 1810 1553 1854 Cum
1597 1818 1753 1853 autem

342 1887 400 1932 ad
430 1888 673 1932 veritatem
703 1887 874 1932 certius
907 1885 1168 1931 eruendam
1199 1886 1486 1931 comminata
1516 1885 1603 1930 sibi
1635 1885 1752 1930 suis-

344 1973 445 2009 sent
469 1973 721 2023 tormenta,
746 1973 793 2008 et
816 1963 875 2008 de
899 1980 947 2008 se
970 1964 1279 2025 quaestionem
1299 1962 1567 2008 habendam
1592 1960 1754 2007 sormi-

345 2041 499 2097 daret,
527 2040 641 2085 illud
668 2041 808 2086 etiam
833 2039 1020 2101 adjecit,
1053 2050 1103 2084 ut
1127 2040 1214 2085 sibi
1239 2056 1387 2085 ocreae
1419 2056 1532 2096 suae,
1561 2056 1677 2101 quas
1704 2040 1749 2083 in

347 2116 553 2179 hospitio
583 2134 668 2162 suo
708 2116 835 2179 apud
876 2117 1429 2162 Sanctmn-Odomarum
1475 2115 1750 2178 reliquerat,

347 2195 646 2254 afferrentur,
679 2211 791 2240 nani
823 2195 869 2239 in
897 2194 1086 2240 alterius
1118 2205 1272 2239 rostro
1298 2196 1372 2256 (ea
1395 2194 1519 2239 enini
1553 2203 1753 2257 tempes-

351 2281 467 2329 tate,
510 2289 592 2334 per
630 2282 777 2317 totam
813 2271 1014 2316 Galliam
1055 2282 1099 2316 et
1136 2271 1463 2327 Germaniam,
1505 2270 1672 2316 calceis
1709 2281 1754 2316 et

348 2347 497 2392 ocreis
525 2347 662 2409 longa
691 2358 736 2393 et
766 2347 903 2393 valde
930 2348 1168 2410 superflua
1192 2358 1237 2393 et
1264 2347 1413 2392 inutili
1439 2347 1632 2410 cuspide
1656 2363 1756 2391 ros-

353 2423 498 2468 tratis¹
523 2440 687 2468 onmes
713 2424 857 2469 serine
888 2424 1164 2482 utebantur,
1193 2424 1386 2487 quidam
1414 2424 1555 2469 etiam
1582 2424 1757 2469 caeteris

350 2502 498 2547 multo
520 2502 770 2563 grossiore)
793 2503 945 2548 aiebat
966 2503 1140 2548 litteras
1160 2503 1466 2550 inveniendas
1487 2519 1627 2547 manu
1650 2518 1756 2565 pro—

348 2580 450 2642 pria
471 2579 590 2639 regis
616 2587 661 2623 et.
685 2594 770 2623 suo
795 2579 927 2640 signo
953 2580 1180 2642 signataS,
1213 2580 1260 2625 in
1287 2580 1458 2641 quibus
1487 2579 1629 2625 totius
1655 2594 1752 2623 ma-

406 2739 437 2772 l.
473 2736 643 2773 Allnsion
663 2737 683 2772 a
703 2735 737 2772 la
758 2735 869 2772 mode
888 2735 954 2772 des
969 2740 1177 2784 poulaimm:
