1923 3020
762 293 904 329 LIBER
931 294 1154 340 QUINTUS.
1577 302 1651 337 [119

259 375 409 422 linum
426 393 571 439 genus
590 377 710 425 illius
727 381 1057 444 potentissimae
1076 382 1245 428 domus
1264 384 1544 430 exstinctum
1563 395 1647 431 est.

261 456 370 499 Post
393 454 591 519 Philippi
615 467 789 516 autem,
811 459 955 522 patris
979 460 1066 515 sui,
1094 459 1294 517 obitum,
1318 461 1390 506 vix
1414 462 1547 507 annis
1572 461 1653 508 de-

259 546 360 575 cem
387 530 654 594 imperavit,
679 544 724 580 et
747 535 862 580 obiit
879 551 1005 581 anno
1024 536 1166 582 aetatis
1194 553 1286 582 suae
1312 538 1494 584 circiter
1521 542 1648 585 va¹.

260 611 361 653 Non
382 608 630 656 defuerunt
649 621 804 657 tamen
823 628 909 657 nec
928 611 1083 658 adhuc
1100 612 1286 672 desunt,
1307 615 1512 676 quicum
1530 615 1655 661 affir-

258 693 386 729 ment
407 684 564 732 adhuc
588 687 759 745 vivere,
786 689 978 750 quique,
1006 687 1119 750 quid
1145 688 1287 750 fatue,
1313 699 1487 737 temere
1514 702 1654 755 atque

258 761 545 808 mendaciter
566 763 785 809 asseritur
804 763 863 810 de
884 781 959 823 eO,
983 764 1205 811 credibile
1225 782 1323 812 esse
1346 768 1636 815 credendum

257 853 347 899 que
374 854 472 884 esse
500 839 804 899 confirment,
832 849 878 885 et
902 850 1086 887 mutuas
1114 843 1336 905 pecunias
1363 843 1497 905 dent,
1532 863 1654 891 mer-

256 931 427 977 cesque
452 917 629 962 cariore
653 917 804 980 pretio
824 918 1029 964 vendant
1048 919 1346 982 tradantque,
1374 937 1461 984 pro
1485 922 1655 984 quibus

256 1008 344 1037 nec
372 993 707 1040 exsolvendum
737 994 795 1040 sit
823 994 976 1041 donec
998 995 1132 1041 vivus
1160 1007 1398 1060 appareat.
1426 999 1518 1054 Qui
1543 1015 1655 1061 pro-

258 1068 377 1114 secto
406 1086 453 1114 se
484 1070 531 1114 in
566 1070 661 1115 hoc
694 1070 860 1117 stultos
891 1082 1030 1134 atque
1064 1072 1214 1118 fatuos
1247 1090 1344 1119 esse
1378 1075 1652 1121 ostendunt.

256 1146 347 1191 Sed
368 1146 467 1192 haec
493 1146 675 1191 fatuitas
699 1146 746 1190 in
769 1147 982 1211 pluribus
1011 1165 1160 1210 usque
1191 1148 1251 1194 ad
1283 1165 1433 1195 annos
1465 1150 1652 1210 decem,

258 1232 505 1285 postquam
534 1223 738 1282 obierat,
770 1224 976 1284 duravit,
1007 1234 1052 1271 et
1072 1225 1246 1272 diutius
1269 1225 1424 1273 adhuc
1449 1229 1535 1273 erit
1559 1228 1657 1273 for-

261 1300 391 1345 tassis
416 1299 656 1346 duratura.

713 1530 1050 1576 CAPITULUM
1083 1532 1203 1576 XIV.

281 1663 476 1711 Descriptio
491 1663 622 1704 Caroli,
643 1662 740 1697 ducis
756 1662 965 1709 Burgundiae
975 1667 990 1706 ;'
1001 1671 1034 1696 et
1051 1662 1147 1708 quod
1163 1664 1272 1698 multo
1291 1664 1481 1698 consultius
1496 1666 1629 1712 egisset,

453 1717 481 1751 si
497 1729 578 1751 cum
592 1729 672 1763 rege
689 1717 904 1750 Francorum
920 1728 1042 1762 pacem
1057 1716 1186 1750 habere
1202 1716 1453 1762 conquisiisset.

319 1841 486 1884 Fuerat
511 1836 658 1882 homo
688 1845 864 1882 statura
888 1835 1161 1894 mediocris,
1191 1836 1298 1881 satis
1322 1835 1476 1881 valido
1507 1847 1552 1883 ct
1576 1854 1655 1885 ve·

255 1923 360 1976 geto
381 1931 598 1978 corpore,
624 1930 711 1977 pro
733 1922 917 1959 staturae
938 1929 1030 1958 suae
1052 1912 1296 1975 qualitate3
1320 1911 1494 1958 laboris
1515 1923 1655 1977 atque

254 1991 420 2037 inediae
456 1991 842 2055 patientissimus,
883 1989 1288 2052 quemadmodum
1323 2005 1444 2052 saepe
1479 1990 1526 2035 in
1562 1993 1655 2037 suis

254 2067 630 2132 expeditionibus
662 2078 707 2113 et
745 2066 1073 2112 obsidionibus
1110 2065 1334 2121 ostendit,
1373 2066 1418 2110 in
1455 2066 1650 2128 quibus,

257 2155 307 2191 ut
334 2147 558 2200 diximus,
591 2146 731 2190 etiam
759 2143 971 2188 hibernis
1001 2142 1243 2188 mensibus
1269 2152 1407 2205 atque
1435 2146 1654 2191 extremis

255 2222 502 2285 frigoribus
531 2222 685 2285 potuit
714 2219 986 2283 perdurare.
1020 2218 1162 2263 Color
1185 2218 1463 2282 capillorum
1491 2222 1654 2284 capitis

256 2300 401 2361 niger,
425 2309 470 2344 et
493 2298 607 2344 facie
636 2298 743 2342 satis
762 2295 1148 2359 proportionatus
1165 2295 1356 2358 capillis,
1380 2295 1570 2342 trahens
1591 2298 1652 2343 ad

254 2392 557 2422 communem
577 2373 949 2435 Portugallorum
971 2371 1194 2429 colorem,
1219 2388 1244 2418 a
1264 2371 1435 2435 quibus
1466 2390 1520 2419 ex
1553 2391 1651 2421 ma-

255 2463 390 2499 terno
416 2467 584 2514 genere
608 2458 806 2495 traxerat
832 2449 1075 2511 originem.

319 2529 421 2574 Fuit
442 2529 512 2573 vir
538 2527 694 2589 magni
718 2535 763 2572 et
788 2525 865 2570 alti
893 2525 1060 2585 animi,
1088 2525 1125 2570 si
1148 2525 1274 2572 illam
1300 2529 1444 2575 animi
1470 2530 1650 2591 magni-¹

256 2606 467 2653 tudinem
486 2604 728 2651 moderate
748 2612 794 2648 et
813 2601 1089 2665 prudenter,
1111 2619 1222 2649 usus
1239 2605 1455 2664 consilio,
1477 2614 1652 2669 tempe»

307 2762 343 2798 1.
376 2760 406 2797 Il
427 2758 562 2796 entrait
582 2757 674 2795 (lans
694 2770 733 2794 sa
752 2755 1171 2805 quarante-quatrieme
1193 2756 1326 2794 annee.
