1923 3020
652 271 796 305 LIBER
824 269 1090 307 SECUNDUS.
1498 267 1573 302 179

177 357 313 403 nibus
338 366 565 404 venerant
590 357 877 402 vestimentis
903 355 1083 412 amicti,
1112 353 1396 400 damasceno
1423 362 1467 398 et
1491 369 1571 398 ve·

174 434 309 490 luto¹‚
338 433 412 480 vel
436 434 651 497 pretiosis
676 434 822 479 laneis
847 433 1015 497 pannis
1041 431 1180 495 (quos
1206 431 1570 494 Rothomagum,

176 527 262 573 pro
286 511 460 556 caeteris
484 511 613 572 regui
640 509 856 569 urbibus,
882 510 1065 555 mittere
1095 508 1252 571 solet),
1285 509 1334 554 in
1367 506 1578 570 Angliam

176 598 282 633 sunt
306 588 494 634 reversi.

243 666 358 708 Cum
383 664 486 726 ipso
512 674 667 709 aulem
690 665 862 710 comite
887 680 969 728 per
994 663 1166 708 multos
1190 661 1287 707 dies
1310 661 1475 707 hahuit
1499 677 1578 707 rex

179 750 352 786 secreta
376 740 633 804 colloquia,
662 742 843 805 sibique
872 742 1125 805 plurimum
1154 739 1465 804 pollicebatur
1490 750 1580 786 tcr-

181 833 337 863 rarum
359 833 412 863 ac
431 817 772 877 dominiorum,
791 819 845 878 si,
873 818 966 863 suis
990 833 1134 880 opera
1162 827 1203 862 et
1232 817 1400 862 auxilio
1424 817 1583 862 conci-

180 894 290 939 liato
315 893 404 939 sibi
427 912 533 957 rege
558 911 612 941 ac
637 913 782 957 regno
803 895 989 956 Angliae,
1009 893 1166 939 hostes
1185 910 1294 939 suos
1316 895 1585 958 opprimere

180 981 319 1033 atque
341 971 540 1034 dejicere
564 973 635 1017 vel
662 972 876 1033 subigere
896 971 1137 1034 potuisset.
1161 970 1301 1026 Quod
1322 987 1370 1015 se
1388 972 1585 1016 omnino

182 1046 415 1093 facturum
448 1048 573 1094 idem
606 1066 765 1095 comes
797 1047 1145 1112 despondebat,
1181 1056 1261 1092 aut
1293 1057 1439 1103 certe,
1475 1048 1511 1093 si
1543 1047 1588 1095 id

187 1125 379 1171 minime
401 1125 646 1171 Edoardus
665 1126 812 1171 facere
830 1124 985 1181 vellet,
1013 1141 1077 1183 se,
1105 1140 1246 1186 quem
1267 1139 1423 1185 regem
1444 1141 1592 1170 creas-

184 1212 276 1258 set,
317 1219 462 1264 regno
497 1204 635 1248 etiam
679 1202 985 1266 depulsurum
1020 1218 1072 1247 ac
1107 1200 1493 1259 deturbaturum,
1534 1201 1594 1246 ita

186 1279 317 1341 quod
342 1281 462 1325 vires
488 1280 623 1342 regui
657 1279 848 1341 Angliae,
884 1289 929 1324 ut
962 1277 1049 1323 sibi
1072 1277 1289 1324 adversas
1317 1287 1362 1322 et
1387 1278 1482 1323 suis
1505 1277 1593 1322 ini-

188 1356 320 1401 micis
359 1356 695 1420 opitulaturas,
740 1373 817 1401 rex
857 1359 1143 1401 Francorum
1184 1354 1300 1400 nihil
1342 1353 1594 1401 formidare

187 1432 395 1479 deberet.

254 1515 311 1555 [t
345 1522 500 1557 autem
535 1510 593 1558 acl
626 1510 769 1572 liujus
802 1523 895 1556 tam
923 1509 1227 1555 vehementer
1254 1525 1279 1554 a
1305 1512 1594 1555 Francorum

189 1604 297 1650 rege
320 1590 465 1652 optati
489 1598 533 1634 et
557 1588 797 1652 concupiti
823 1587 1008 1633 foederis
1035 1588 1360 1651 perveniretur
1385 1587 1594 1652 comple-

188 1677 424 1726 mentum,
453 1667 576 1712 misit
602 1666 726 1712 idrm
753 1682 829 1711 rex
859 1682 967 1711 cum
992 1665 1182 1729 praefato
1218 1665 1391 1711 comite
1426 1666 1473 1711 in
1502 1668 1595 1711 An-

188 1743 329 1806 gliam
358 1744 604 1789 dominum
632 1743 888 1789 Antonium
922 1742 980 1788 de
1006 1744 1237 1805 Maugm'2,
1279 1742 1595 1806 archiepisco-

189 1837 301 1883 pum
322 1819 694 1878 Narbonensem,
711 1830 755 1865 et
773 1819 1045 1865 Bastardum
1065 1819 1241 1865 dietum
1259 1819 1317 1865 de
1335 1820 1593 1880 Borbouio,

191 1912 331 1958 quem
356 1895 497 1958 paulo
522 1905 628 1941 ante
656 1895 948 1942 ammiralem
975 1895 1184 1955 fecerat³,
1218 1912 1327 1941 cum
1353 1895 1596 1941 nonnullis

191 1972 488 2018 consiliarii&
512 1973 557 2017 in
584 1972 834 2034 magnifico
858 1982 903 2018 et
928 1971 1075 2017 nobili
1099 1981 1343 2035 apparatu.
1373 1973 1465 2029 Qui
1487 1989 1595 2018 cum

192 2048 481 2109 Londonias,
510 2048 592 2094 ubi
617 2066 696 2094 rex
724 2048 980 2112 Anglorum
1008 2057 1122 2109 erat,
1154 2065 1247 2094 una
1271 2065 1379 2094 cum
1404 2048 1598 2112 p1·a=sato

243 2226 278 2259 1.
312 2225 414 2261 Satin
435 2223 606 2260 clamasse
630 2232 666 2260 et
685 2222 850 2259 velours.

243 2285 281 2320 ⁶2.
314 2284 599 2333 L'arcbeveque
617 2282 664 2320 de
682 2281 888 2319 Narborme
910 2279 999 2319 etait
1019 2280 1117 2318 alors
1137 2282 1300 2319 Antoine
1320 2282 1369 2319 du
1390 2285 1595 2321 Bec-Cres-

191 2341 275 2391 pin,
300 2342 392 2379 dans
421 2344 457 2380 la
482 2343 622 2380 famille
652 2341 793 2391 duquel
815 2340 904 2377 ctait
932 2340 1211 2378 effectivement
1234 2342 1268 2378 la
1298 2342 1514 2393 seigneurie
1548 2343 1596 2380 de

190 2403 345 2450 Mauny.
370 2402 463 2438 Mais
482 2415 525 2438 ce
543 2401 640 2438 n’est
658 2415 723 2452 pas
748 2401 799 2437 lui
820 2400 885 2449 qui
907 2399 961 2435 fut
980 2398 1118 2450 charge
1137 2400 1185 2437 de
1204 2400 1454 2438 l’ambassade
1474 2401 1594 2439 d'An-

191 2461 369 2512 gleterre.
393 2465 446 2498 La
465 2462 681 2511 Chronique
702 2460 946 2497 scandaleuse
964 2472 1117 2496 nomme
1135 2461 1155 2495 a
1168 2472 1209 2496 sa
1227 2461 1335 2510 place
1353 2461 1527 2511 l’eveque
1547 2460 1594 2496 de

190 2523 295 2556 Laon
309 2550 318 2567 ,
348 2523 367 2556 J
373 2533 442 2558 ean
464 2521 510 2557 de
529 2522 737 2558 Gaucourt.
769 2522 946 2556 L'erreur
963 2518 1009 2555 de
1030 2518 1193 2556 Thomas
1211 2520 1324 2557 Basin
1343 2520 1436 2558 tient
1454 2519 1594 2571 proba-

191 2577 359 2616 blement
390 2582 410 2616 ii
440 2594 482 2617 ce
515 2593 589 2630 que
625 2579 786 2617 Antoine
819 2578 870 2616 du
901 2579 1169 2630 Bec-Crespin
1200 2582 1303 2618 avait
1331 2581 1389 2618 ete
1415 2580 1596 2618 autrefois

191 2640 337 2690 eveque
356 2640 403 2677 de
421 2645 538 2679 Laon.

249 2703 284 2738 3.
318 2703 373 2737 En
394 2701 466 2738 mai
487 2702 604 2747 1466,
625 2703 644 2737 ἐι
665 2701 701 2737 la
725 2708 822 2737 mort
841 2699 887 2736 de
906 2702 1000 2736 Jean
1021 2698 1067 2736 de
1087 2699 1333 2738 Montauban.

247 2764 282 2797 4.
315 2764 408 2798 Jean
427 2760 474 2798 de
497 2762 729 2812 Popincourt
748 2769 785 2798 et
801 2759 945 2797 Olivier
961 2759 996 2796 le
1014 2762 1139 2797 Roux.
