1923 3020
251 274 270 306 7
278 273 299 306 8
610 269 906 304 HISTORIARU
913 269 945 302 M
976 266 1208 303 LUDOVICI
1237 268 1291 302 XI

250 375 353 403 rum
385 355 581 419 praelatis
612 356 881 418 caeterisque
914 353 1295 418 quibuscumque
1329 354 1650 401 ecclesiasticis

250 432 460 497 personis
483 441 529 477 et
553 432 743 495 piorum
777 431 1236 478 administratoribus
1268 431 1513 478 titulorum
1542 446 1650 494 pro-

250 510 487 563 venerint,
534 509 754 571 quotiens
788 525 814 554 a
852 508 1046 553 diversis
1087 507 1377 554 saecularium
1418 508 1652 554 officiariis

249 598 389 648 atque
438 587 662 631 ministris
707 587 861 632 vexati
904 586 1278 648 exactionatique
1315 586 1508 645 fuerint,
1550 601 1649 631 non

251 664 380 709 facile
398 663 489 709 dici
508 673 688 726 posset3
710 664 774 709 ita
793 672 845 708 ut
864 663 1076 726 profecto
1095 663 1200 726 pius
1218 680 1315 721 rex,
1336 664 1431 708 imo
1451 664 1651 709 maxime

250 750 413 786 auctor
441 740 691 804 impietatis
722 749 768 785 et
798 739 1045 801 sacrilegii,
1081 740 1263 802 egregia
1288 756 1372 802 per
1396 739 1489 785 hoc
1515 740 1653 786 anni-

252 818 474 876 versaria,
512 834 599 880 pro
632 817 955 881 redemptione
985 827 1287 881 pcccatorum
1319 834 1535 875 suorum,
1569 833 1654 880 per

253 912 418 941 omnes
437 895 569 957 regni
591 896 661 940 sui
686 895 920 952 ecclesias,
948 896 1151 958 plurima
1176 895 1458 954 fundaverit,
1486 894 1654 941 talibus

253 972 416 1018 dotata
439 981 484 1018 et
505 971 702 1017 subnixa
723 972 903 1017 edictis.

319 1050 474 1096 Edixit
496 1060 654 1096 autem
682 1059 726 1095 et
749 1050 877 1095 aliud
901 1050 1056 1095 statim
1079 1051 1127 1094 in
1154 1050 1226 1095 sui
1255 1052 1459 1096 novitate
1485 1051 1656 1097 adven-

255 1137 345 1173 tus.
373 1130 726 1173 Consueverant
747 1127 874 1172 enim
898 1143 982 1189 per
1004 1136 1157 1172 totum
1183 1143 1382 1190 regnum
1406 1127 1586 1173 nobiles
1611 1138 1656 1174 et

255 1205 573 1251 ecclesiasticae
606 1213 749 1266 atque
787 1203 928 1249 etiam
964 1203 1063 1249 aliae
1094 1204 1334 1249 nonnullae
1360 1204 1656 1267 privilegiatae

257 1299 492 1346 personae,
532 1282 660 1340 vina,
700 1296 804 1342 quae
835 1280 895 1325 de
931 1281 1133 1344 propriis
1167 1297 1334 1327 eorum
1369 1281 1552 1345 praediis
1584 1280 1656 1327 vel

257 1358 450 1404 decimis
475 1356 797 1421 provenirent,
822 1356 972 1401 facere
997 1356 1240 1402 (lucellari¹
1264 1357 1442 1420 absque
1464 1357 1658 1419 alicujus

257 1437 489 1481 solutione
508 1434 741 1496 vectigalis
759 1450 840 1479 seu
859 1433 1041 1490 tributi;
1067 1444 1113 1480 et
1131 1450 1271 1498 super
1289 1434 1382 1480 hoc
1399 1435 1659 1480 constitutae

257 1522 388 1558 erant
412 1512 617 1576 plurium
644 1510 942 1556 ecclesiarum
964 1527 1018 1556 ac
1041 1511 1437 1557 monasteriorum
1460 1511 1593 1557 dotes
1614 1518 1660 1555 et

259 1593 530 1636 revenu1ae2.
559 1593 691 1635 Hanc
716 1598 873 1635 autem
898 1588 1155 1635 nobilitatis
1175 1599 1219 1635 et
1242 1590 1457 1635 omnium
1474 1587 1660 1652 privile-

259 1668 489 1728 giatarum
528 1682 840 1730 personarum
880 1665 1143 1713 libertatem
1182 1667 1278 1713 sive
1315 1667 1661 1713 immunitatem

260 1762 355 1789 uno
382 1745 586 1806 generali
614 1744 799 1790 sustulit
821 1753 963 1807 atque
994 1743 1201 1789 inhibuit
1228 1744 1420 1790 edict0³.
1454 1746 1568 1799 Quae
1593 1752 1662 1789 ta-

261 1838 368 1867 men
389 1832 514 1868 retro
533 1821 828 1886 temporibus
851 1822 1132 1867 inconcusse
1152 1838 1236 1885 per
1257 1838 1455 1883 regnum
1479 1835 1664 1882 semper

261 1898 410 1944 suerat
455 1897 727 1958 observata3
773 1899 851 1944 sed
894 1908 1034 1944 tantae
1076 1899 1159 1944 iste
1203 1899 1421 1962 princeps
1462 1896 1663 1943 avaritiae

262 1984 401 2036 atque
437 1975 726 2038 rapacitatis,
766 1985 846 2020 aut
880 1975 1043 2021 alienae
1075 1974 1298 2021 libertatis
1330 1974 1448 2020 adeo
1479 1972 1663 2018 invidus

265 2068 364 2096 esse
402 2053 672 2111 videbatur,
710 2052 866 2115 quod,
908 2062 959 2097 ut
1000 2069 1083 2098 sua
1123 2052 1374 2113 adaugeret
1410 2048 1664 2095 commoda

264 2129 450 2190 suisque
470 2130 864 2193 concupiscentiis
884 2130 1115 2193 potiretur
1137 2130 1195 2190 (si
1217 2139 1371 2174 tamen
1393 2136 1517 2173 recte
1538 2143 1666 2171 com-

267 2204 408 2249 moda
429 2205 519 2249 dici
540 2216 619 2251 aut
641 2206 821 2251 censeri
846 2206 1043 2269 possint,
1071 2222 1173 2267 quae
1196 2205 1285 2250 nisi
1310 2221 1417 2250 cum
1440 2203 1666 2267 plurimo-

266 2298 369 2326 rum
389 2281 571 2342 jactura
595 2292 734 2344 atque
757 2283 929 2344 injuria
945 2282 1139 2327 minime
1155 2283 1403 2345 provenire
1426 2278 1661 2344 possunt),

267 2359 428 2403 omnia
453 2358 611 2403 divina
639 2369 684 2404 ct
710 2360 917 2406 humana
939 2361 1045 2422 jura
1070 2360 1361 2406 confundere
1388 2368 1529 2421 atque
1554 2373 1667 2421 per-

268 2445 472 2493 vertere,
500 2435 643 2480 veluti
669 2452 755 2498 pro
781 2436 952 2493 nihilo,
980 2437 1197 2483 ducebat.

325 2586 361 2621 1.
392 2585 442 2621 Ce
466 2591 569 2629 mot,
596 2582 659 2632 qui
682 2584 778 2618 n'est
803 2596 869 2632 pas
890 2582 981 2619 (lans
1008 2587 1070 2620 Du
1088 2586 1235 2636 Cange,
1255 2591 1311 2621 est
1330 2582 1458 2634 repete
1479 2585 1500 2620 21
1519 2583 1555 2620 la
1573 2595 1669 2634 page

270 2642 456 2680 suivante.
478 2641 576 2680 C‘est
597 2654 647 2678 un
668 2641 912 2689 frequentatis
928 2642 974 2678 de
994 2645 1140 2679 (lucere.

326 2704 362 2741 2.
395 2705 529 2739 Tcrme
553 2701 600 2739 de
622 2701 795 2751 pratique
818 2700 924 2751 sorge
944 2714 1008 2737 sur
1027 2702 1061 2737 le
1082 2702 1243 2752 francais
1263 2716 1430 2741 revelate.

327 2764 362 2799 3.
394 2764 459 2799 Cet
483 2761 558 2797 edit
581 2763 673 2796 n’cst
695 2773 759 2810 pas
781 2759 873 2796 dans
894 2759 928 2795 le
948 2760 1098 2796 Recueil
1124 2761 1189 2797 des
1211 2761 1493 2798 Ordonnances.
