1923 3020
679 257 821 292 LIBER
849 258 1063 293 TERTIUS.
1444 238 1447 241 ’
1499 258 1573 292 243

176 341 463 387 chinamenti
476 342 870 405 conspirationisq
879 359 934 387 ue
951 344 1090 389 series
1107 343 1441 388 contineretur.
1461 345 1575 398 Quae

175 435 322 464 ocreae
360 436 451 464 suae
487 436 594 463 cum
627 420 773 465 allatae
807 420 1022 479 fuissent,
1056 422 1101 466 in
1133 422 1197 466 eis
1230 422 1429 466 inventae
1468 430 1577 466 sunt

177 494 501 556 hujuscemodi
533 496 695 541 litterae
732 513 834 557 quae
860 498 1002 542 totius
1036 514 1184 543 scenae
1212 507 1257 543 et
1285 498 1577 561 singulorum

176 571 274 632 ejus
297 581 508 628 actuum,
542 589 632 618 una
669 590 776 618 cum
807 573 877 618 his
912 590 1016 635 quae
1046 574 1133 619 sibi
1170 574 1315 621 verbo
1352 575 1475 620 dicta
1508 576 1580 619 in-

171 649 430 710 junctaque
456 648 594 693 fuisse
627 649 876 708 referebat,
913 650 1090 696 indices
1122 652 1245 697 clare
1275 662 1414 714 atque
1448 652 1578 696 lucu-

176 721 324 768 lenter
346 724 621 769 exstiterunt
635 727 662 769 ¹.

242 800 330 844 Diu
356 810 512 846 autem
539 801 597 846 de
622 812 719 847 tota
747 802 822 847 illa
849 803 1198 864 conspiratione
1228 814 1368 866 atque
1398 805 1581 850 machi-

178 878 433 935 namentis,
470 878 528 922 de
561 878 892 941 complicibus,
929 878 987 923 de
1021 879 1265 933 ministris,
1302 880 1361 925 de
1391 881 1583 942 singulis

178 953 537 999 circumstantiis
576 955 733 1000 solerti
770 955 1156 1017 pervestigatione
1186 956 1326 1014 facta,
1360 966 1405 1001 et
1441 959 1584 1002 totius

179 1030 243 1075 rei
267 1030 327 1075 ad
354 1031 546 1093 plenum
574 1033 765 1077 veritate
791 1041 1033 1093 comperta
1056 1041 1197 1093 atque
1223 1032 1485 1095 explorata,
1516 1035 1584 1078 in-

178 1117 338 1168 gentes
367 1108 618 1169 gratiarum
645 1109 853 1153 actiones
882 1116 927 1152 et
953 1107 1134 1152 debitas
1160 1108 1320 1152 laudes
1351 1109 1585 1171 supplica-

179 1184 419 1245 tionesque
440 1183 609 1229 divinae
634 1184 855 1245 Majestati
878 1183 1079 1228 reddidit
1100 1184 1197 1246 ipse
1219 1184 1442 1229 dominus
1469 1185 1582 1244 dux,

179 1261 310 1323 quod
331 1278 357 1306 a
378 1262 513 1306 tantis
540 1278 647 1307 eum
668 1260 885 1323 periculis
908 1270 1048 1322 atque
1077 1261 1256 1306 insidiis
1286 1262 1585 1308 miseratione

179 1355 261 1384 sua
280 1348 617 1401 praeservasset7
641 1337 909 1399 similesque
932 1337 990 1382 ab
1011 1338 1232 1383 omnibus
1253 1339 1345 1383 suis
1365 1339 1579 1396 subditis,

179 1415 329 1460 missis
352 1414 581 1478 epistolis²
605 1414 663 1459 ad
689 1414 898 1459 civitates
931 1424 975 1459 et
1002 1415 1201 1476 insignia
1232 1416 1408 1478 oppida
1441 1427 1585 1463 terra-

180 1508 283 1536 rum
302 1508 511 1547 suarum,
532 1507 634 1553 quae
651 1490 1011 1553 conspirationis
1031 1491 1400 1554 insidiarumque
1418 1494 1584 1539 seriem

179 1567 513 1624 continebant,
552 1565 792 1611 humiliter
827 1576 872 1611 et
906 1567 1077 1613 devote
1112 1568 1211 1613 fieri
1247 1580 1464 1632 precatus
1497 1580 1580 1616 est.

180 1645 320 1700 Quod
350 1662 446 1690 non
476 1646 677 1707 segniter
706 1644 880 1706 quippe
911 1661 1062 1706 neque
1091 1645 1380 1707 negligenter
1409 1647 1584 1692 factum

180 1722 366 1765 exstitit.
402 1724 518 1766 Nam
542 1737 649 1765 cum
675 1721 916 1765 immensis
944 1724 1044 1766 Deo
1072 1721 1290 1767 laudibus
1320 1723 1514 1768 redditis
1541 1733 1585 1768 et

181 1798 433 1858 gratiarum
468 1799 674 1855 actione,
708 1796 838 1858 quod
871 1797 1121 1843 dominum
1155 1816 1291 1843 snum
1322 1800 1579 1862 optimum,

181 1873 276 1917 imo
301 1873 596 1935 semetipsos,
624 1889 651 1917 a
672 1873 811 1917 tantis
837 1873 1031 1918 eruisset
1054 1874 1233 1919 insidiis
1257 1884 1396 1935 atque
1424 1876 1579 1933 malis,

181 1949 321 1995 etiam
353 1965 462 1994 cum
496 1949 627 1994 omni
664 1949 928 1994 devotionis
963 1950 1156 2007 affectu,
1203 1951 1436 2013 supplices
1486 1962 1581 1998 tam

181 2025 368 2088 publice
399 2041 541 2087 quam
565 2026 780 2088 privatim
805 2027 1046 2072 Divinitati
1078 2026 1251 2089 ubique
1280 2039 1504 2090 porrectae
1537 2041 1583 2076 et

182 2102 310 2147 factae
332 2113 440 2147 sunt
468 2119 652 2165 preceS‚
680 2113 729 2148 ut
758 2103 977 2149 eumdem
1002 2104 1049 2148 in
1074 2114 1226 2160 antea,
1257 2121 1339 2167 per
1364 2122 1580 2167 magnam

183 2195 314 2224 suam
335 2179 721 2237 misericordiam,
747 2196 772 2225 a
796 2179 1024 2224 similibus
1044 2179 1264 2225 omnibus
1283 2181 1582 2228 inimicorum

239 2318 273 2352 1.
305 2315 483 2352 L'auteur
502 2314 628 2352 oublie
648 2315 740 2364 qu'il
761 2329 781 2351 a
797 2314 878 2361 <teja
896 2315 1112 2352 inentionne
1131 2324 1226 2353 cette
1247 2318 1457 2367 pretendue
1475 2320 1583 2358 lettre

184 2374 235 2410 du
256 2374 310 2410 roi
334 2378 385 2424 (p.
410 2377 498 2420 2:36)
520 2388 567 2411 en
588 2374 641 2410 lui
661 2374 866 2410 attribuant
889 2388 961 2412 une
985 2383 1118 2412 teneur
1137 2375 1350 2414 differente.
1376 2381 1432 2415 On
1457 2381 1585 2432 repete

184 2432 228 2469 ici
250 2433 341 2481 qu'il
374 2436 467 2469 n'est
494 2446 559 2482 pas
589 2434 762 2482 question
783 2433 830 2469 de
850 2433 959 2470 lettre
980 2434 1031 2470 du
1052 2434 1107 2470 roi
1138 2435 1229 2471 (lans
1258 2436 1293 2473 le
1317 2438 1513 2476 manifeste
1534 2440 1582 2475 (111

184 2491 258 2527 duc
277 2491 323 2526 de
342 2495 583 2541 Boiu-gogne,
605 2491 696 2527 mais
714 2492 922 2528 seulement
944 2508 960 2525 <c
981 2493 1186 2530 d'aucunes
1205 2494 1334 2532 lettres
1356 2513 1373 2529 ³)
1400 2510 1473 2546 que
1495 2511 1584 2547 por-

186 2550 251 2586 tait
273 2550 452 2585 l’lionnne
477 2550 599 2586 arrete
620 2552 638 2586 Ξι
659 2551 907 2587 Saint-Omer.

237 2610 274 2645 2.
307 2607 405 2645 C'est
433 2609 467 2646 la
490 2610 594 2659 υἱὸς-6
615 2610 705 2647 dont
724 2624 773 2647 on
801 2609 887 2648 s'est
918 2611 1019 2649 servi
1047 2625 1146 2662 pour
1168 2621 1328 2650 annotcr
1357 2614 1392 2651 le
1418 2615 1588 2666 chapitre

185 2668 403 2717 precedent,
426 2678 460 2705 et
482 2669 572 2705 ‹lont
592 2683 639 2706 on
660 2683 682 2706 a
702 2670 755 2706 dit
783 2684 855 2720 que
878 2671 910 2707 le
940 2679 1039 2708 texte
1066 2685 1085 2708 a
1105 2673 1164 2709 ete
1185 2672 1309 2709 donne
1338 2687 1405 2724 par
1432 2676 1591 2729 Duelns,

187 2727 280 2764 dans
305 2741 362 2764 ses
384 2741 546 2778 preuves
569 2731 587 2764 ἐι
611 2729 800 2765 l‘Histm're
819 2732 864 2765 de
884 2734 994 2766 Louis
1014 2734 1084 2767 XI.
