1923 3020
745 266 888 301 LIBER
916 264 1183 302 SECUNDUS.
1589 262 1656 297 12¹

268 369 426 398 comes
445 352 503 397 de
525 351 791 408 Charolois,
816 361 888 410 ut,
910 351 1098 397 obviam
1117 351 1183 396 eis
1201 350 1479 406 adveniens,
1501 359 1665 397 contra

268 445 424 489 regem
450 429 604 491 ipsum
637 445 777 490 quem
807 427 1026 473 advolare
1056 427 1310 481 sentiebat,
1340 442 1586 472 succursus
1619 435 1665 471 et

267 505 589 550 subventionis
619 504 841 568 praeberet
869 504 1053 560 solatia,
1078 504 1347 550 transmisso
1376 502 1568 547 flumine
1588 503 1665 547 Se-

268 597 456 643 quanzr,
484 582 760 643 campestria
800 582 875 627 illa
907 581 1067 626 sselciae
1097 581 1334 644 petierat¹,
1363 595 1390 624 a
1415 579 1547 624 terris
1570 580 1664 624 suis

267 655 469 701 multum
507 672 554 700 se
590 656 812 719 elongans
845 667 889 702 et
926 673 1074 719 usque
1107 656 1166 702 ad
1201 657 1373 701 viscera
1416 656 1546 717 regni
1581 671 1664 700 au-

267 731 426 777 dacter
451 742 719 795 penetrans.
749 736 916 778 Parum
938 732 1025 777 sibi
1056 731 1254 777 fideliter
1276 742 1319 777 et
1347 732 1544 777 honeste
1576 731 1663 794 ipsi

268 811 503 868 Britones‚
526 820 649 856 retro
675 810 920 867 abeundo,
947 810 1098 854 vicem
1121 808 1444 854 reddiderunt.

330 890 604 951 Speraverat
635 899 679 934 et
702 898 1041 953 exspectaverat
1069 887 1244 933 habere
1270 904 1428 933 comes
1458 888 1516 933 de
1544 889 1659 934 Clza-

266 965 408 1010 roloz's
431 967 539 1011 satis
559 967 829 1030 tempestive
849 982 985 1011 suum
1011 964 1332 1010 marescallum
1361 965 1660 1026 Burgundiae‚

265 1059 375 1088 cum
411 1042 764 1105 quadringentis
805 1042 976 1088 lanceis
1016 1039 1402 1102 Burgundionum
1440 1057 1659 1098 suoru1n3

265 1123 400 1168 simul
420 1123 558 1168 etiarn
577 1132 626 1167 ut
647 1139 807 1167 secum
831 1137 1109 1167 concurrere
1128 1119 1353 1165 deberent
1369 1120 1520 1164 caeteri
1541 1120 1666 1181 prin-

265 1200 391 1263 cipes
429 1199 758 1257 confoederati,
797 1215 904 1243 cum
939 1198 1030 1242 suis
1067 1197 1237 1259 copiis,
1273 1195 1487 1240 videlicet
1522 1195 1664 1241 duces

266 1275 514 1333 Borbonii‚
542 1275 762 1321 Calabriae
794 1284 838 1320 et
863 1274 1209 1329 Nemoreensss,
1236 1283 1376 1335 atque
1399 1288 1558 1317 comes
1582 1276 1666 1317 Ar—

265 1354 455 1400 miniaci
470 1355 503 1412 Ξ’;
532 1353 612 1399 sed
635 1353 750 1398 dum
774 1351 1035 1415 periculum
1060 1360 1243 1412 urgeret
1265 1366 1558 1413 praesensque
1582 1349 1662 1394 ad-

266 1430 399 1488 foret,
418 1430 635 1475 nondum
660 1430 824 1492 aliquis
845 1445 1006 1474 eorum
1034 1428 1325 1484 adventarat,
1342 1427 1449 1472 licet
1469 1425 1664 1471 condic-

266 1516 339 1551 tus
366 1507 464 1552 dies
488 1507 759 1570 praeteriisse
796 1506 1050 1561 diceretur,
1083 1521 1177 1567 quo
1219 1504 1264 1549 in
1306 1520 1453 1549 unum
1488 1519 1662 1549 conve-

265 1583 386 1628 nisse
412 1593 552 1645 atque
575 1583 759 1629 collecti
782 1599 878 1628 esse
902 1581 1190 1627 debuissent.

327 1662 578 1706 Transacto
623 1660 762 1722 igitur
807 1658 932 1704 dicto
981 1658 1273 1703 tumultuoso
1312 1667 1358 1702 et
1407 1656 1663 1720 plurimum

263 1737 463 1783 confuso
494 1737 750 1782 certamine
782 1735 909 1798 apud
943 1735 1366 1791 Montem-Hericii‚
1400 1751 1510 1780 cum
1534 1735 1580 1779 in
1605 1750 1662 1779 eo

264 1854 378 1891 taient
396 1855 501 1904 point
523 1857 543 1891 a
562 1862 695 1903 quatre
718 1854 834 1891 lienes
857 1854 904 1891 de
926 1854 1141 1904 Montlhery
1162 1854 1196 1891 lc
1221 1856 1269 1890 16
1283 1853 1422 1901 juillet,
1448 1853 1608 1903 puisque
1628 1853 1663 1890 le

264 1916 313 1950 15
339 1914 466 1960 juillet
496 1927 548 1950 un
579 1913 724 1949 officier
759 1913 804 1950 de
834 1914 870 1950 la
906 1913 1052 1950 maison
1085 1913 1131 1949 de
1166 1915 1393 1963 Bourgogne
1426 1912 1583 1948 ccrivait
1616 1912 1663 1949 de

263 1972 418 2010 l’armee
445 1973 494 2009 du
518 1982 639 2009 comte
667 1973 712 2009 de
740 1973 932 2010 Charolais
960 1976 1077 2022 qu'on
1106 1973 1207 2009 avait
1234 1973 1269 2008 la
1298 1971 1476 2008 nouvelle
1507 1984 1581 2020 que
1609 1971 1662 2008 les

262 2035 420 2069 Bretons
455 2032 593 2069 etaient
627 2033 647 2067 ἐι
681 2031 941 2070 Chateaudun.
974 2035 1204 2068 Documents
1240 2030 1376 2067 incdits
1391 2061 1400 2077 ‚
1446 2033 1637 2079 Melanges
1651 2059 1660 2075 ‚

264 2100 290 2129 t.
317 2095 368 2138 II,
392 2106 428 2142 p.
451 2094 541 2129 350.

316 2155 352 2190 1.
382 2152 469 2189 Cela
488 2159 544 2188 est
563 2152 636 2188 nial
657 2151 721 2189 dit.
745 2154 798 2188 Le
820 2158 942 2187 comte
963 2150 1010 2186 de
1031 2149 1225 2187 Charolais
1247 2150 1402 2186 s'arreta
1420 2149 1441 2184 ἱι
1461 2140 1635 2198 Etampes
1650 2179 1659 2196 ‚

263 2223 332 2261 par
350 2211 582 2260 consequent
600 2213 747 2247 n'entra
768 2210 872 2259 point
891 2223 936 2246 en
959 2212 1119 2245 Beauce.

317 2272 354 2306 Ξ.
392 2288 407 2303 ιι
433 2273 504 2306 Les
529 2269 620 2306 dues
649 2270 696 2306 de
724 2268 924 2315 Bourbon‚
951 2269 997 2305 de
1025 2269 1182 2306 Calabre
1207 2277 1243 2305 et
1269 2268 1316 2305 de
1339 2268 1544 2308 Nemours‚
1568 2266 1664 2303 ainsi

262 2343 335 2380 que
354 2331 389 2367 le
407 2340 530 2368 cointe
551 2330 818 2382 d'Armagnac.
842 2348 856 2361 n
878 2332 929 2366 Le
949 2329 1022 2365 (luc
1039 2328 1084 2365 de
1103 2328 1281 2365 Bourbon
1303 2336 1338 2365 et
1358 2327 1412 2365 les
1432 2330 1663 2377 Armagnacs

262 2389 441 2426 venaient
463 2390 509 2425 de
530 2389 660 2426 traiter
679 2402 772 2425 avec
792 2389 826 2425 le
846 2388 903 2424 roi
922 2390 941 2424 a
958 2388 1068 2424 Riom
1081 2418 1090 2434 ‚
1113 2396 1149 2424 et
1172 2387 1219 2424 de
1243 2390 1442 2438 s'engager
1461 2387 1481 2422 a
1503 2385 1665 2435 deposer

264 2446 316 2483 les
336 2459 472 2483 armes.
494 2447 543 2483 Ils
563 2446 749 2482 viole-rent
770 2446 853 2482 leur
872 2454 1036 2483 serment
1061 2456 1098 2483 et
1119 2447 1271 2483 vinrent
1294 2459 1332 2482 se
1349 2444 1499 2492 jaindre
1520 2457 1610 2480 avec
1628 2444 1662 2480 le

262 2513 385 2541 comte
409 2504 455 2541 de
476 2505 669 2542 Charolais
689 2505 815 2554 quand
841 2506 885 2542 ils
913 2505 1107 2556 apprirent
1134 2518 1174 2542 sa
1197 2505 1356 2541 victoire
1382 2506 1402 2540 a
1429 2503 1657 2551 Montlhery.

262 2567 387 2612 Quant
409 2577 457 2600 au
476 2564 547 2600 duc
564 2564 610 2601 de
627 2564 800 2610 Calain-e,
823 2564 984 2601 l'auteur
1001 2564 1036 2601 le
1053 2577 1204 2600 nomme
1223 2565 1242 2599 Ξι
1262 2571 1337 2599 tort
1355 2574 1447 2599 avec
1463 2562 1516 2597 les
1529 2561 1662 2597 confe-

263 2622 371 2659 dere's
391 2622 442 2660 du
464 2623 568 2660 midi.
600 2624 628 2660 ll
653 2624 937 2675 accompagnait
959 2623 993 2660 le
1013 2623 1201 2660 marechal
1223 2622 1269 2658 ‹le
1292 2625 1539 2672 Bourgogne,
1561 2619 1664 2657 avait

263 2683 321 2719 ete
345 2682 468 2719 ecarte
491 2695 638 2720 comme
660 2682 712 2719 lui
729 2682 776 2719 de.
798 2683 833 2719 la
852 2683 1094 2733 Champagne
1116 2691 1153 2719 et
1172 2681 1377 2730 s’avancait
1395 2693 1464 2730 par
1486 2679 1521 2716 la
1540 2681 1661 2715 Bour-

264 2754 400 2791 gogne.
418 2744 515 2778 Tous
531 2740 631 2778 deux
647 2741 891 2791 rejoignirent
906 2741 1005 2778 aussi
1019 2741 1129 2790 apres
1147 2740 1181 2776 la
1197 2739 1349 2776 bataille
1365 2738 1412 2775 de
1429 2737 1657 2785 Montlhery.
