1923 3020
369 272 443 305 :44
729 268 1066 305 HISTORIARUM
1095 269 1326 305 LUDOVICI
1355 271 1410 304 XI

368 354 545 401 insidiis
572 362 713 415 atque
744 354 961 416 periculis
987 364 1228 418 protegere
1254 363 1300 399 et
1323 354 1574 401 defendere
1604 357 1768 419 digna-

369 441 513 476 retur.

430 509 531 552 Hoc
568 507 724 570 itaque
758 507 922 566 modo,
961 525 1057 571 quo
1095 526 1120 555 a
1160 509 1298 555 nobis
1335 509 1529 555 relatum
1568 509 1765 567 exstitit,

365 593 557 629 auctore
581 587 869 629 Francorum
898 602 1028 647 rege,
1056 586 1103 630 in
1141 603 1306 632 necem
1330 586 1607 647 Burgundiae
1637 585 1768 631 ducis

366 660 687 706 machinatum
726 661 911 725 publice
949 680 1032 726 per
1073 680 1238 709 omnes
1278 673 1420 709 terras
1457 664 1600 726 ipsius
1637 662 1770 709 ducis

363 737 709 798 divulgabatur.
738 739 829 784 Sed
854 756 962 785 eum
987 740 1146 786 divina
1172 750 1446 804 protegente
1471 741 1638 802 gratia,
1666 757 1770 803 quae

362 813 623 876 reprobans
641 815 837 861 consilia
855 816 1141 880 principum,
1165 817 1430 879 frequenter
1448 833 1501 862 ea
1519 818 1565 862 in
1587 818 1768 862 irritum

363 890 572 950 deducit,
596 901 793 937 conatus
814 892 1140 954 hujuscemodi
1161 893 1441 940 damnabilis
1463 903 1507 938 et
1532 893 1767 939 detestan-

361 968 450 1013 dus
478 968 697 1013 effectum
730 985 827 1013 non
858 968 1038 1015 habuit.
1074 972 1322 1016 Detectum
1354 979 1511 1015 autem
1545 970 1768 1032 hujusce-

362 1044 493 1089 modi
528 1044 624 1090 doli
660 1054 798 1106 atque
834 1045 1110 1091 insidiarum
1141 1055 1464 1091 commentum
1502 1046 1610 1105 fuit,
1649 1046 1764 1091 dum

361 1120 517 1166 adhuc
535 1121 663 1184 apud
684 1137 836 1184 regem
865 1132 985 1167 esset
1009 1138 1166 1168 comes
1195 1122 1254 1167 de
1282 1122 1538 1179 Warviclz‘,
1565 1139 1763 1183 magnus

362 1197 525 1242 talium
550 1214 708 1243 rerum
733 1197 1029 1244 architectus.

831 1477 1168 1521 CAPITULUM
1212 1478 1287 1521 Vl.

360 1625 517 1667 Qualiter
541 1638 658 1660 comes
682 1626 725 1660 de
753 1627 905 1661 Wawich
933 1627 969 1660 in
996 1628 1158 1674 Angliam
1184 1627 1342 1674 appulit,
1375 1627 1567 1661 Henricum
1587 1640 1605 1661 e
1630 1640 1765 1662 carcere

405 1679 438 1711 in
461 1691 576 1725 regem
598 1679 763 1721 restituit;
792 1688 824 1713 et
850 1679 1035 1714 Edoardus
1057 1693 1117 1715 rex
1137 1693 1245 1727 regno
1264 1680 1407 1715 excessit
1431 1689 1463 1714 et
1486 1681 1519 1714 in
1543 1680 1763 1715 Hollandiam

407 1733 551 1779 trajecit.

421 1874 542 1917 Cum
566 1881 721 1918 autem
744 1872 885 1917 armis
903 1873 1108 1935 virisque
1131 1882 1176 1918 et
1198 1872 1493 1933 victualibus,
1520 1872 1763 1919 omnibus-

357 1965 449 2011 que
480 1949 750 1995 necessariis
780 1948 920 1994 rebus
956 1949 1181 1995 instructa
1223 1965 1304 1995 sua
1340 1949 1495 1996 classis
1527 1950 1683 1995 fuisset
1714 1950 1759 1994 in

356 2027 511 2072 littore
529 2026 759 2072 inferioris
779 2026 1094 2085 Normanniae,
1118 2026 1331 2088 foretque
1352 2043 1533 2072 reversa
1550 2025 1761 2072 inefficax

358 2104 513 2149 classis
531 2103 664 2149 ducis
684 2102 977 2165 Burgundiae,
999 2102 1058 2148 de
1075 2119 1168 2166 qua
1188 2103 1399 2166 superius
1421 2103 1615 2149 fecimus
1635 2120 1762 2149 men-

358 2180 559 2237 tionem,
599 2196 761 2225 mense
796 2179 1016 2239 octobri‘2,
1053 2179 1284 2225 anchoras
1320 2189 1365 2225 et
1397 2180 1529 2225 funes
1563 2196 1588 2224 e
1621 2189 1760 2243 portu

357 2256 516 2315 solvit,
554 2267 599 2302 et
630 2257 732 2303 vela
763 2256 957 2314 faciens,
997 2258 1182 2302 armatis
1213 2257 1352 2313 etiam
1377 2256 1573 2302 navibus
1602 2256 1760 2302 multis

357 2334 622 2393 comitatuS,
645 2349 760 2396 quas
784 2336 1072 2380 Francorum
1092 2350 1170 2379 rex
1197 2333 1257 2380 ad
1277 2350 1385 2379 eum
1407 2334 1615 2379 securius
1647 2349 1756 2379 con-

409 2504 449 2537 1.
482 2503 635 2538 Erreur.
660 2503 846 2539 Warwick
870 2504 971 2540 avait
990 2503 1104 2540 remis
1124 2504 1144 2539 a
1166 2502 1202 2539 la
1221 2502 1337 2549 voile,
1360 2510 1396 2539 et
1418 2501 1610 2551 debarque
1631 2503 1650 2538 a
1669 2502 1756 2550 Ply-

357 2560 486 2597 mouth
512 2560 546 2597 le
569 2563 616 2597 13
644 2561 856 2610 septembre
876 2565 993 2599 1470.
1024 2565 1075 2598 Le
1101 2570 1425 2598 commencement
1449 2561 1496 2598 de
1525 2561 1680 2598 l⁷affaire
1707 2559 1756 2596 du

354 2619 487 2656 biitard
514 2618 684 2655 Baudoin
711 2631 759 2655 ne
785 2627 954 2656 remonte
981 2633 1046 2669 pas
1073 2620 1156 2669 plus
1180 2620 1272 2657 haut
1297 2633 1371 2670 que
1393 2620 1426 2658 le
1447 2620 1541 2657 mois
1565 2617 1756 2656 d'octobre

355 2677 402 2714 de
422 2678 457 2715 la
477 2680 599 2714 meme
618 2677 753 2715 anne'e.

409 2742 446 2779 2.
475 2740 652 2791 Corrigez
671 2737 895 2788 septembris.
