1923 3020
272 249 346 285 156
632 247 970 283 HISTORIARUM
995 247 1232 284 LUDOVICI
1256 249 1312 283 XI

271 355 428 395 mum,
467 334 639 381 deinde
677 334 930 393 Falesiam,
975 344 1021 379 et
1063 334 1329 380 Cadomum
1368 334 1673 397 postmodum

270 413 476 475 trajecit,
505 426 693 473 quaqua
716 409 1060 473 pertransibat,
1088 420 1168 455 aut
1199 409 1412 456 militiam
1437 427 1520 456 seu
1545 426 1674 456 com—

269 492 434 535 missos
463 489 691 547 mitteret,
716 488 877 533 omnia
908 488 1123 533 auferens
1160 487 1287 532 fratri
1317 498 1362 532 et
1395 487 1455 533 ad
1478 503 1674 533 manum

268 583 401 612 suain
425 581 680 629 reponem.
710 568 812 609 Non
847 565 973 609 enim
1007 565 1052 609 in
1079 564 1216 610 bassa
1239 564 1528 610 Normannia
1561 564 1674 609 resi·

267 643 484 688 stentiam
525 641 697 688 alicubi
744 641 950 698 invenit,
996 642 1042 686 in
1085 642 1217 704 cujus
1259 640 1481 686 omnibus
1527 640 1674 686 ferme

267 720 456 783 oppidis
502 736 555 764 ac
596 718 864 764 civitatibus
910 719 1153 764 Britonum
1192 719 1478 764 munitiones
1520 727 1671 763 erant.

266 797 406 842 Nihili
449 798 575 842 enim
602 796 843 860 pendebat
876 797 1034 842 (latam
1070 796 1196 842 fratri
1235 797 1507 859 caeterisque
1538 796 1676 859 prin-

264 873 473 938 cipibus,
524 883 569 919 et
617 874 831 919 maximis
881 874 1114 919 firmatam
1157 875 1486 933 sacramentis,
1531 873 1674 919 fidem

267 951 503 1012 frangere,
550 961 595 996 et
631 951 822 1014 perjurii
863 966 916 996 ac
961 950 1167 1014 perfidia}
1214 961 1368 996 reatus
1415 952 1669 997 incurrere.

265 1031 419 1089 Quos,
448 1028 623 1073 frivolae
642 1028 957 1073 excusationis
977 1028 1268 1087 velamento,
1293 1027 1495 1089 negabat
1518 1029 1675 1075 incur—

264 1121 393 1162 rere,
420 1105 553 1167 quasi
572 1122 656 1168 per
677 1106 771 1150 vim
789 1114 869 1149 aut
887 1115 1067 1150 metum
1088 1105 1195 1151 talia
1212 1106 1444 1168 promissa
1463 1105 1643 1152 fecisset
1661 1125 1669 1151 :

264 1199 367 1245 quae
415 1191 648 1245 quantum
698 1182 884 1243 justitiae
929 1191 974 1227 et
1017 1181 1277 1227 honestatis
1326 1181 1502 1229 habere
1545 1184 1672 1247 apud

265 1262 417 1304 Deum
451 1269 496 1304 et
529 1258 747 1303 homines
779 1268 963 1321 posset,
1001 1258 1202 1304 aliorum
1238 1258 1458 1305 duximus
1490 1260 1669 1322 judicio

267 1335 652 1399 relinquendum.

718 1536 1055 1581 CAPITULUM
1097 1538 1217 1581 XIV.

262 1674 419 1717 Qualiter
445 1672 517 1706 dux
541 1672 767 1707 Normanniae
790 1685 809 1706 a
830 1672 1051 1718 principibus
1075 1672 1289 1719 Burgundiae
1311 1684 1373 1718 per
1391 1673 1523 1718 legatos
1547 1673 1676 1707 auxilia

309 1727 520 1774 postulavit3
548 1736 580 1760 et
617 1727 661 1760 de
690 1739 828 1773 egressu
860 1726 960 1760 ducis
988 1727 1216 1761 Norinanniae
1248 1740 1266 1759 e
1304 1726 1528 1772 Rothomago
1558 1739 1675 1760 versus

310 1779 565 1814 Honnessutum
579 1808 586 1821 ‚
604 1779 699 1814 unde
717 1781 753 1814 in
771 1779 989 1814 Britanniam
1011 1792 1091 1813 cum
1108 1779 1197 1813 duce
1213 1779 1402 1813 Britanniae
1419 1778 1592 1814 transivit.

328 1903 504 1949 Videns
527 1912 684 1948 autem
708 1902 915 1965 optimus
940 1901 1014 1946 ille
1046 1901 1345 1946 Normanniae
1368 1899 1463 1945 dux
1485 1916 1556 1958 se,
1584 1899 1672 1945 ho-

265 1981 448 2025 minum
469 1989 634 2042 agente
658 1978 879 2042 perfidia,
907 1979 1283 2023 circumventum
1303 1976 1672 2039 destitutumque

265 2056 460 2116 auxilio,
510 2074 606 2102 non
648 2072 785 2119 posse
827 2065 993 2101 contra
1031 2055 1241 2117 germani
1294 2054 1365 2099 sui
1406 2053 1672 2116 potentiam

266 2133 475 2178 resistere
492 2171 503 2193 ‚
539 2133 665 2178 misit
688 2132 865 2195 legatos
889 2148 998 2176 cum
1022 2129 1231 2195 epistolis
1251 2129 1310 2175 ad
1335 2128 1670 2176 illustrissimos

268 2213 503 2276 principes
555 2213 854 2276 Philippum,
902 2211 1073 2257 ducem
1128 2210 1431 2271 ssurgundiae,
1483 2218 1527 2254 et
1575 2211 1674 2272 ejus

270 2292 417 2338 filium
434 2328 444 2348 ‚
473 2293 723 2338 dominum
748 2292 970 2339 Carolum
996 2291 1055 2337 (le
1090 2290 1357 2348 Clmroloss,
1396 2291 1672 2354 episcopum

269 2371 633 2416 Lexox-iensem1
661 2380 706 2415 ct
735 2371 985 2416 dominum
1015 2373 1271 2415 ssrunctum
1297 2369 1356 2414 de
1382 2372 1667 2432 Longcaml),

322 2491 357 2526 1.
390 2488 552 2525 Thomas
572 2487 678 2524 Rasin
699 2488 907 2526 lui-meme.
930 2489 959 2524 Il
978 2489 1127 2524 revicnt
1143 2501 1207 2524 sur
1227 2496 1322 2524 cette
1338 2485 1560 2524 ambassade
1580 2486 1673 2523 dans

267 2562 333 2586 son
347 2547 530 2598 Apologic
546 2547 625 2593 (liv.
641 2549 671 2591 Ι,
690 2560 722 2582 c.
738 2552 822 2592 vn),
838 2556 873 2582 ct
887 2548 1056 2593 toujours
1072 2560 1118 2584 cn
1136 2560 1175 2583 se
1191 2546 1359 2583 ‹lonnant
1375 2559 1471 2596 pour
1483 2545 1674 2596 c‹)llegues

270 2612 322 2647 les
344 2611 445 2647 deux
467 2621 721 2660 personnages
747 2609 918 2644 nummos
944 2608 1003 2646 ici,
1034 2608 1254 2658 Ccpondant
1279 2608 1380 2644 deux
1407 2607 1532 2657 pie-ces
1552 2606 1675 2656 diplo-

269 2672 455 2721 matiqucs
496 2670 757 2719 representem
790 2681 829 2704 sa
863 2667 1014 2703 mis-sion
1051 2681 1198 2704 comme
1232 2668 1403 2718 separee.
1443 2669 1675 2702 Documents

270 2729 422 2776 incdits,
447 2731 660 2778 Elldlcmges,
683 2736 709 2764 t.
735 2730 785 2773 ΙΙ,
808 2740 844 2776 p.
868 2728 937 2763 421
964 2734 1000 2763 ct
1018 2728 1106 2762 4:24.
