1923 3020
233 245 281 280 7⁴
590 238 925 275 HISTORJARUM
961 237 1193 272 LUDOVICI
1221 237 1276 271 XI

235 327 555 381 Momorensi¹,
581 339 730 387 prope
752 321 1298 383 Sanctum-Dionysium,
1325 321 1423 382 qui,
1449 322 1636 383 quantis

234 412 450 469 potuerat
474 400 673 458 viribus,
701 398 923 444 eumdem
951 396 1216 443 honorifice
1245 406 1290 442 et
1315 396 1562 460 splendide
1589 398 1636 442 in

234 495 317 526 sua
350 478 496 523 domo
535 485 781 539 exceperat
819 484 865 521 et
895 480 1256 538 procuraverat,
1291 484 1336 520 et
1366 491 1450 537 per
1486 474 1638 536 sylvas

234 567 373 618 atque
393 555 534 600 saltus
558 552 827 617 patrimonii
850 552 939 609 sui,
968 551 1081 596 dum
1106 551 1199 597 illic
1221 561 1486 608 venaretur,
1514 567 1639 597 asso-

235 635 462 690 ciaverat,
501 632 855 678 exsecutionem
885 627 1160 690 hujusmodi
1190 628 1526 674 mandatorum
1565 629 1637 673 in-

235 711 396 757 choari
414 725 576 756 coram
593 725 642 754 se
661 717 706 753 et
724 706 916 770 praefato
934 705 1152 765 domino,
1176 721 1260 751 suo
1282 705 1484 769 hospite,
1512 705 1634 751 fecit.

235 790 427 835 Faciens
457 787 585 833 enim
620 786 669 831 in
700 801 849 830 unum
880 782 1073 843 congeri
1104 792 1150 827 et
1180 782 1448 828 coacervari
1480 782 1636 839 funes,

236 867 430 928 laqueos
461 873 506 909 et
540 863 655 908 retia
690 870 829 923 atque
860 859 1039 923 plagaS,
1075 875 1195 921 quos
1230 858 1357 904 idem
1389 858 1636 917 dominus,

237 944 319 1006 qui
352 942 495 989 saltus
533 951 578 987 et
610 939 761 1002 sylvas
798 936 1138 1001 pulcherrimas
1175 934 1340 995 habet,
1382 936 1430 980 in
1469 935 1641 997 quibus

238 1035 406 1082 magna
427 1035 533 1083 pars
553 1033 719 1063 census
739 1024 784 1061 et
806 1013 1078 1078 patrimonii
1098 1013 1168 1057 sui
1186 1012 1413 1068 consistit,
1438 1013 1486 1057 in
1505 1013 1642 1076 copia

238 1097 415 1161 ingenti
434 1094 660 1152 habebat,
676 1092 836 1137 omnia
854 1089 990 1135 simul
1011 1088 1213 1134 flammis
1234 1098 1279 1134 et
1298 1088 1405 1150 igne
1425 1088 1642 1135 comburi

240 1174 363 1220 fecit.
396 1175 452 1218 Et
480 1187 589 1217 cum
617 1168 813 1232 quidam
842 1183 897 1212 ex
922 1164 1222 1229 parochianis
1258 1164 1375 1224 loci,
1407 1165 1467 1211 ad
1505 1183 1642 1212 usum

240 1248 459 1314 pulsandi
490 1260 769 1310 campanam
807 1241 1015 1289 ccclesiae
1052 1257 1170 1301 suae,
1200 1241 1361 1288 funem
1398 1257 1549 1288 unum
1584 1242 1644 1289 ad

241 1328 333 1373 hoc
368 1326 595 1371 idoneum
633 1321 720 1367 sibi
761 1320 930 1366 donari
974 1319 1244 1382 petiissent,
1288 1335 1384 1364 non
1423 1319 1646 1365 suerunt'

241 1403 489 1450 exaudi1i³.
522 1399 732 1445 Similem
759 1413 872 1443 vero
898 1396 1247 1442 exsecutionem
1268 1395 1469 1442 ballivus
1498 1396 1643 1442 Silva-

243 1479 472 1526 nectensis
507 1478 553 1522 in
590 1476 737 1521 domo
769 1474 963 1520 baronis
995 1472 1054 1518 de
1083 1474 1388 1536 Aztfsemonffl
1414 1472 1544 1530 fecit,
1580 1488 1640 1517 ne

243 1557 301 1603 de
325 1564 601 1618 contemptu
626 1553 699 1599 vel
723 1551 1006 1613 negligentia
1030 1549 1300 1612 arguendus
1326 1550 1524 1595 veniret.

306 1632 463 1678 Talem
478 1632 630 1677 vicem
648 1646 733 1675 suo
752 1628 925 1674 devoto
945 1627 1119 1690 hospiti
1137 1636 1182 1672 et
1198 1627 1393 1689 gratiam
1411 1626 1648 1672 humanus

244 1726 321 1756 rex
339 1709 519 1766 retulit,
543 1724 643 1753 non
662 1706 837 1751 veritus
855 1704 944 1750 sul)
964 1704 1045 1750 tali
1063 1719 1279 1763 censura,
1300 1702 1649 1749 confiscationis

244 1786 417 1831 scilicet
440 1785 652 1849 corporis
674 1792 720 1829 et
740 1782 1006 1838 bonorum,
1033 1781 1132 1826 sine
1160 1780 1257 1826 ullo
1288 1779 1472 1827 delectu
1498 1795 1553 1825 ac
1577 1796 1649 1825 re-

245 1864 453 1909 verentia
478 1862 625 1908 divini
654 1859 807 1907 cultus
836 1868 917 1905 aut
946 1858 1205 1920 religionis,
1239 1856 1485 1921 pontifices
1509 1872 1649 1919 gene—

247 1940 496 2001 raliterque
520 1955 686 1985 omnes
717 1952 962 1983 sacrorum
986 1935 1228 1981 ministros
1262 1932 1572 1991 concludere;
1600 1933 1647 1977 in

247 2032 449 2079 quorum
486 2025 642 2061 tamen
668 2028 896 2077 personas
919 2021 1000 2057 aut
1022 2010 1218 2057 mobilia
1250 2010 1428 2056 nullam
1457 2024 1649 2072 prorsus

247 2091 390 2138 habet
414 2091 806 2153 jurisdictionem.

314 2171 500 2224 Quanta
529 2177 688 2213 autem
710 2165 891 2228 justitia
916 2173 1055 2226 atque
1080 2164 1298 2226 aequitate
1323 2160 1652 2224 hujuscemodi

252 2245 460 2292 edictum
486 2244 654 2290 fultum
683 2243 871 2290 exsistat
894 2241 1218 2304 unusquisque
1241 2239 1373 2285 facile
1394 2237 1652 2300 dijudicare

308 2374 344 2409 1.
375 2368 406 2407 Il
428 2366 626 2418 s’appelait
643 2369 749 2403 Jean.

306 2433 344 2470 2.
375 2433 534 2467 Fuerant
556 2426 648 2463 dans
672 2426 706 2462 le
727 2438 796 2462 ms.

308 2492 344 2527 3.
376 2491 478 2526 Cette
499 2485 680 2524 anecdote
700 2497 721 2521 a
740 2485 798 2520 etc
814 2496 962 2521 connue
983 2482 1030 2519 de
1051 2481 1267 2526 Duehesne,
1288 2479 1354 2530 qui
1373 2492 1420 2516 en
1439 2492 1460 2516 a
1475 2477 1655 2516 intercale

256 2550 289 2586 le
312 2548 404 2585 re'cit
429 2547 524 2584 dans
554 2557 612 2581 ses
633 2556 794 2593 preuves
821 2544 841 2578 ἐι
870 2541 1062 2579 l⁷Histoire
1091 2541 1137 2578 de
1164 2541 1198 2577 la
1225 2539 1369 2577 maison
1395 2538 1442 2575 de
1462 2541 1654 2576 Montmo-

256 2609 381 2654 renci,
402 2621 441 2658 p.
465 2609 555 2643 173.

310 2670 345 2703 4.
380 2668 437 2702 On
455 2665 547 2702 c'crit
563 2660 806 2710 aujourd'hui
827 2662 1024 2708 Offemont.
1043 2661 1144 2696 Cette
1164 2667 1262 2696 terre
1278 2658 1421 2695 n'avait
1437 2669 1504 2707 pas
1521 2656 1556 2693 le
1572 2655 1657 2692 titre

259 2726 304 2763 de
324 2724 508 2762 baronnie
527 2736 601 2773 que
623 2721 675 2759 lui
695 2720 821 2757 donne
839 2718 1015 2755 l’autcur.
