1923 3020
300 209 340 245 31
356 210 374 244 4
658 205 998 241 HISTORIARUM
1027 205 1262 240 LUDOVICI
1289 206 1344 240 XI

365 301 419 342 Et
456 298 517 341 ita
554 310 640 357 pro
673 301 887 354 tempore
910 291 1159 348 hostilitas,
1196 308 1298 354 quae
1335 292 1456 337 iuter
1488 293 1704 355 praefatos

299 390 427 434 reges
457 373 553 433 jam
577 385 662 433 per
689 384 842 415 annos
869 368 1048 430 aliquot
1067 367 1346 413 efferbuerat
1372 385 1468 413 uon
1496 369 1596 414 sine
1621 379 1707 415 ter-

299 465 456 494 rarum
493 457 537 491 et
569 445 870 492 subditorum
909 445 1155 507 utriusque
1190 444 1375 490 damnis
1410 444 1624 508 plurimis
1661 456 1707 492 et

298 524 613 578 detrimentis,
652 523 798 586 pactis
835 532 881 567 et
919 520 1318 567 conventionibus
1356 522 1475 567 inter
1513 522 1705 568 eosdem

300 602 492 646 firmatis
524 600 668 646 finem
706 616 793 662 pro
826 609 938 644 tunc
971 599 1178 662 accepit,
1216 599 1337 644 circa
1369 616 1577 645 mensem
1600 616 1706 663 scp-

298 677 493 724 tembris
511 680 539 735 ¹,
569 686 787 723 currente
813 693 940 722 anno
967 676 1158 721 Domini
1183 692 1553 722 M.CCCC.Lxx111.

772 904 1109 949 CAPITULUM
1145 907 1223 949 Vl.

299 1043 350 1074 De
394 1040 667 1075 incarceratione
701 1049 733 1074 et
767 1039 968 1074 detentione
997 1040 1095 1073 ducis
1122 1040 1273 1074 Geldriae
1302 1053 1363 1086 per
1388 1042 1571 1088 proprium
1596 1043 1709 1076 filium

345 1107 445 1127 suum
457 1121 465 1137 ,
484 1094 603 1138 suique
625 1093 687 1127 filii
706 1103 824 1139 postea
840 1106 902 1139 per
920 1093 1133 1139 Burgundiae
1162 1093 1288 1126 ducem
1307 1094 1584 1139 apprehensione
1605 1104 1637 1129 et
1655 1096 1708 1129 in·-

346 1147 582 1180 carceratione
595 1147 621 1183 ².

365 1264 783 1322 Quemadmodum
808 1280 942 1320 sane,
980 1262 1341 1310 decurrentibus
1365 1265 1565 1327 treugis,
1593 1283 1710 1329 quas

299 1359 440 1406 supra
466 1343 605 1387 saetas
628 1342 766 1386 fuisse
789 1350 835 1386 et
861 1340 1066 1386 firmatas
1096 1341 1217 1386 inter
1242 1344 1529 1387 Francorum
1553 1359 1709 1405 regem

300 1430 346 1465 et
377 1419 546 1465 ducem
579 1418 806 1464 illustrem
845 1417 1236 1479 Burgundionum
1279 1419 1548 1479 retulimus,
1590 1437 1710 1483 prae—

301 1496 423 1542 dicta
458 1512 541 1560 per
575 1511 734 1557 regem
770 1498 1059 1540 Francorum
1095 1506 1223 1558 gesta
1248 1495 1463 1556 fuerunt,
1491 1506 1586 1543 tam
1625 1498 1709 1544 ad·

300 1591 460 1619 versus
494 1573 715 1618 comitem
754 1572 1005 1618 Arminiaci
1037 1589 1181 1635 quam
1215 1589 1372 1634 regem
1414 1576 1706 1637 Aragonum,

300 1653 364 1697 sic
402 1651 543 1697 etiam
583 1667 680 1696 non
719 1667 913 1714 prorsus
956 1650 1137 1696 feriavit
1176 1661 1258 1696 aut
1299 1650 1544 1714 obtorpuit
1583 1651 1710 1699 idem

302 1728 694 1790 Burgundionum
719 1728 830 1773 dux.
863 1730 979 1773 Nam
1004 1728 1051 1772 in
1077 1727 1243 1773 eadem
1268 1737 1453 1788 aestate,
1477 1745 1587 1774 cum
1609 1729 1711 1775 Gel-

301 1845 348 1882 de
369 1858 411 1881 ce
428 1857 502 1894 que
517 1844 597 1880 cela
614 1843 734 1881 s'etait
758 1843 838 1890 fait,
861 1851 896 1880 et
914 1842 1006 1892 qu'il
1028 1842 1129 1879 avait
1151 1842 1323 1879 ordonne
1344 1844 1365 1878 a
1386 1856 1455 1880 son
1475 1842 1709 1880 vice-amiral

301 1903 347 1940 (le
377 1904 457 1940 s'en
488 1903 703 1953 expliquer.
743 1920 758 1934 ιι
783 1901 946 1949 Quando
971 1911 1119 1947 autem,
1147 1918 1162 1933 n
1195 1902 1429 1950 ajoutc-—t-il,
1461 1919 1477 1935 ι(
1510 1916 1596 1939 cum
1627 1903 1711 1953 ipso

300 1963 485 2000 Columbo
512 1972 548 2000 et
577 1963 659 2000 aliis
692 1963 832 2013 inquiri
858 1962 1078 2013 despicique
1105 1963 1370 1999 mandavimus
1396 1976 1569 2012 quaenam
1598 1977 1711 2001 causa

301 2035 365 2059 eos
384 2023 431 2059 ad
452 2023 664 2072 captionem
684 2022 782 2059 lianc
801 2030 936 2071 praeter
957 2030 1124 2058 mentem
1141 2031 1327 2067 nostram,
1348 2022 1458 2059 nobis
1476 2035 1553 2058 non
1568 2021 1711 2069 juben-

302 2080 422 2127 tibus,
451 2081 685 2131 impulisset,
710 2081 749 2117 hi
780 2080 949 2131 profecto
976 2081 1286 2130 respondendum
1312 2082 1524 2128 duxerunt,
1559 2094 1597 2118 se
1623 2095 1712 2132 pro-

302 2149 431 2190 pterea
457 2141 504 2177 ad
538 2142 642 2178 illam
672 2149 810 2178 tractos
840 2140 1091 2189 incitatosque
1120 2140 1253 2187 fuisse,
1285 2140 1387 2191 quod
1419 2149 1550 2191 gentes
1577 2150 1712 2179 vestrae

301 2208 432 2236 contra
452 2209 598 2237 nostras
618 2201 656 2237 in
674 2215 766 2251 agro
786 2208 917 2237 nostro
936 2200 1159 2237 Rossilionis
1176 2214 1215 2237 se
1232 2201 1460 2248 injecerant3
1482 2216 1500 2234 ³>
1524 2209 1559 2237 et
1577 2201 1602 2237 il
1623 2215 1713 2238 con-

303 2258 406 2294 tinue
427 2272 492 2295 sur
511 2272 552 2295 ce
574 2269 652 2306 ton,
678 2267 836 2296 inettant
856 2258 949 2295 dans
970 2259 1005 2295 la
1029 2259 1178 2296 bouclie
1207 2259 1254 2296 de
1275 2273 1342 2297 son
1370 2259 1611 2298 vice-amiral
1633 2269 1712 2297 tout

301 2330 343 2354 ce
363 2317 454 2366 qu’il
483 2317 584 2354 avait
610 2318 656 2354 de
679 2319 796 2369 griefs
821 2326 953 2355 contre
978 2318 1011 2355 le
1040 2319 1097 2355 roi
1119 2318 1164 2355 de
1191 2319 1322 2366 Sicile,
1351 2320 1519 2356 finissant
1544 2332 1611 2369 par
1631 2319 1712 2356 dire

302 2376 394 2425 qu'il
416 2376 517 2412 avait
535 2375 707 2412 ordonn&r
734 2377 768 2413 la
794 2376 1028 2422 restitution,
1051 2385 1087 2414 et
1111 2378 1203 2426 qu'il
1228 2378 1410 2428 comptait
1434 2391 1499 2414 sur
1528 2378 1563 2414 la
1585 2378 1712 2414 conti-

302 2435 461 2472 nuation
484 2435 550 2472 des
576 2435 671 2471 bons
688 2436 908 2472 sentiments
930 2449 1004 2485 que
1028 2435 1104 2473 (lon
1122 2437 1297 2474 Fernand
1324 2437 1375 2474 lui
1397 2437 1499 2474 avait
1518 2437 1707 2487 marques.

303 2496 400 2544 Voy.
422 2494 638 2543 D’Aclle1·y,
659 2497 901 2544 Spicilegium
916 2527 925 2541 ,
953 2503 977 2531 t.
1002 2498 1078 2543 III,
1102 2509 1140 2546 p.
1162 2498 1252 2533 844.

359 2556 394 2589 l.
439 2555 543 2590 Cette
571 2553 682 2603 paix,
715 2553 780 2602 qui
811 2552 940 2590 n’etait
968 2567 1042 2603 que
1075 2554 1354 2604 preliminaire‚
1393 2555 1450 2592 sut
1486 2553 1643 2591 conclue
1675 2553 1709 2590 le

305 2614 353 2649 19
375 2612 591 2663 septembre
611 2621 647 2650 et
667 2612 881 2662 Perpignan
904 2614 1044 2649 evacue
1065 2614 1101 2650 le
1123 2617 1170 2651 30
1189 2614 1239 2651 du
1265 2616 1389 2651 meme
1415 2614 1523 2651 mois.

358 2673 395 2707 Ξ).
428 2672 605 2721 Chapitre
628 2671 757 2721 publi&
778 2671 870 2708 dans
892 2672 1160 2720 l’Amplissinm
1179 2676 1360 2718 collectio,
1384 2682 1409 2709 t.
1433 2675 1497 2716 IV,
1519 2672 1589 2709 col.
1616 2674 1689 2707 764
