1923 3020
704 231 846 267 LIBER
885 230 1099 266 TERTIUS.
1528 226 1598 260 281

211 335 314 364 suas
338 319 534 364 restituit
553 328 597 364 et
620 319 787 364 reverti
807 317 1089 381 procuravit,
1115 315 1224 361 licet
1249 314 1434 360 easdem
1455 329 1481 358 a
1498 329 1604 375 rege

212 395 255 439 in
291 404 591 456 augmentum
627 411 718 439 suae
753 393 982 457 portionis
1021 392 1150 438 dono
1189 390 1458 453 accepisset.
1499 392 1605 434 Haec

212 480 367 516 autem
394 470 541 515 facere
563 480 752 533 putatus
776 480 859 528 est,
878 478 1122 533 propterea
1150 466 1279 530 quod
1301 466 1426 511 idem
1448 482 1606 511 comes

216 546 463 591 Arminiaci
489 547 557 590 vir
576 548 838 605 animosus,
863 557 907 591 et
929 547 973 590 in
995 545 1134 590 rebus
1155 543 1330 589 bellicis
1352 542 1504 588 valere
1528 541 1607 587 ali-

213 623 326 685 quid
345 623 666 668 aestimaretur.
689 627 757 669 De
782 640 876 686 quo
903 623 1015 685 quia
1034 621 1208 684 aliquid
1235 621 1293 666 de
1317 637 1374 666 eo
1395 619 1607 665 dicendi¹

215 714 340 743 nunc
363 714 411 743 se
436 700 763 760 opportunitas
788 698 980 753 obtulit,
1010 698 1215 743 narratio
1239 695 1491 758 aliquando
1512 695 1609 759 ple-

216 775 319 820 nior
344 774 561 820 hahenda
581 786 664 821 est.

281 853 449 896 Comes
472 852 598 897 enim
634 853 736 908 iste,
766 852 824 897 de
849 862 1001 897 vetere
1036 850 1254 914 prosapia
1287 859 1331 895 et
1360 848 1510 895 nobili
1546 849 1610 894 fa-

217 928 343 972 milia
367 929 593 974 comitum
628 929 875 974 Arininiaci
897 927 1263 991 appellatorum,
1291 928 1338 971 in
1361 927 1507 972 domo
1541 943 1611 971 re-

217 1006 282 1067 gis
313 1006 463 1050 Caroli
494 1009 597 1062 Vll,
623 1006 918 1061 adolescens,
946 1005 1129 1049 vivente
1158 1013 1312 1066 patre,
1340 1004 1544 1049 nutritus
1569 1015 1615 1049 et

216 1081 441 1128 educatus
467 1081 589 1127 fuit‘·'.
616 1082 758 1143 Cujus
783 1097 995 1126 sororem
1022 1088 1264 1142 acceperat
1288 1079 1335 1124 in
1365 1080 1614 1141 conjugem

219 1158 310 1203 dux
339 1158 615 1204 Ale11conii³.
635 1160 821 1203 Mortuo
846 1167 1000 1202 autem
1026 1166 1156 1219 patre
1179 1157 1309 1215 suoss
1328 1172 1438 1200 cum
1463 1166 1615 1219 pater-

220 1252 327 1280 nam
362 1235 548 1281 adiisset
580 1245 838 1296 nactusque
861 1244 977 1279 esset
1009 1232 1353 1289 haereditatem,
1382 1233 1517 1278 aliam
1542 1250 1616 1278 so-

220 1329 372 1357 rorem
394 1313 631 1373 juniorem
658 1313 909 1374 innuptam
940 1312 1166 1356 incestare
1187 1311 1520 1373 praesumpsit?
1551 1313 1614 1354 Ex

220 1406 315 1451 quo
341 1389 472 1451 prole
495 1398 724 1451 suscepta,
744 1405 869 1444 cum,
890 1398 992 1433 tum
1012 1404 1065 1432 ex
1086 1387 1234 1450 stupri
1252 1386 1612 1446 consuetudine,

222 1476 320 1511 tum
366 1464 670 1510 muliebribus
707 1464 1019 1510 delinimentis
1057 1474 1197 1526 atque
1241 1463 1481 1509 blanditiis
1515 1479 1616 1509 eam

223 1540 400 1604 perdite
417 1541 672 1596 adamaret,
691 1541 831 1586 etiam
850 1558 958 1586 cum
977 1558 1031 1586 ea
1048 1540 1106 1586 de
1124 1540 1245 1586 facto
1265 1540 1619 1586 matrimonium

223 1619 468 1663 contraxit.
505 1620 618 1674 Quae
655 1634 727 1663 res
765 1617 851 1664 sibi
894 1628 937 1663 et
975 1618 1037 1662 illi
1073 1617 1220 1663 nobili
1261 1617 1443 1662 familiae
1481 1627 1620 1679 atque

224 1697 411 1752 domui,
441 1695 564 1740 unde
590 1695 789 1741 ducebat
821 1696 1066 1756 originem,
1105 1693 1338 1739 maculam
1370 1693 1504 1740 valde
1539 1693 1620 1738 foe-

225 1773 333 1818 dam
358 1782 497 1834 atque
520 1788 706 1833 gravem
730 1771 970 1818 infamiam
994 1771 1280 1834 importavit.

290 1849 431 1905 Quod
469 1865 577 1893 cum
609 1858 863 1910 utcumque
889 1857 1082 1911 cuperet
1111 1846 1324 1906 abolere,
1362 1855 1406 1891 et
1439 1844 1623 1891 efficere

228 1937 277 1973 ut
320 1926 443 1972 licite
479 1942 581 1971 eam
624 1925 710 1970 sihi
748 1926 945 1971 retinere
974 1925 1156 1981 liceret,
1194 1939 1336 1986 quam
1371 1924 1435 1968 sic
1459 1932 1624 1968 contra

228 2003 473 2049 interdicta
503 2002 649 2047 divini
681 2011 726 2047 et
756 2002 953 2047 humani
981 2001 1098 2063 juris
1132 2000 1219 2045 sibi
1256 1999 1514 2062 copularat,
1551 2016 1626 2043 su·

228 2098 310 2144 per
341 2079 669 2143 hujuscemodi
704 2088 799 2124 tam
838 2079 1061 2142 proximae
1094 2076 1508 2138 consanguinitatis
1542 2075 1627 2120 im-

283 2225 320 2259 1.
353 2223 559 2258 Dicendum
580 2220 672 2257 dans
692 2220 726 2257 le
746 2233 816 2257 ms.

282 2284 304 2317 2
351 2282 380 2318 Il
400 2281 487 2317 etait
505 2281 560 2317 fils
582 2279 628 2316 de
645 2282 739 2316 Jean
764 2278 1016 2329 d'Armagnac
1039 2286 1075 2314 et
1094 2277 1269 2328 petit-fils
1286 2276 1333 2313 de
1360 2275 1458 2313 celui
1482 2289 1556 2326 que
1574 2275 1630 2312 les

231 2339 462 2377 Cabochiens
480 2339 753 2376 massacrerent
772 2339 792 2373 a
812 2337 915 2373 Paris
932 2350 979 2373 en
1004 2340 1118 2376 1418.

286 2404 321 2434 3.
355 2398 470 2435 Marie
498 2397 772 2447 d'Armagnac,
797 2395 936 2432 mariee
967 2409 1013 2432 en
1043 2398 1141 2433 1437
1167 2409 1215 2432 au
1241 2394 1314 2432 duc
1343 2398 1438 2432 Jean
1469 2392 1628 2432 d'Alen-

234 2471 319 2506 (Jon-

285 2518 322 2553 4.
354 2518 447 2552 Vers
465 2518 580 2552 1450.

288 2580 323 2612 5.
356 2577 437 2613 Elle
461 2576 658 2626 s'appelait
691 2574 862 2612 Isabelle.
894 2574 1021 2622 Cui-ita
1049 2587 1144 2611 nous
1174 2571 1346 2624 apprend
1382 2571 1520 2621 qu'elle
1557 2571 1631 2608 alla

235 2648 279 2669 en
309 2636 408 2670 ‘1160
436 2648 474 2671 se
500 2634 590 2670 faire
617 2633 817 2685 religieuse
845 2647 891 2670 au
915 2642 1079 2671 couvent
1106 2633 1152 2670 de
1178 2632 1424 2677 Hom-Sion,
1452 2633 1471 2667 a
1492 2634 1631 2667 Barce-

235 2694 333 2730 lone.
358 2696 496 2729 Anales
515 2696 562 2728 de
583 2697 619 2728 la
640 2707 770 2728 corona
790 2695 836 2729 de
854 2697 1019 2742 Aragrm,
1043 2693 1068 2731 l.
1095 2695 1197 2738 XVI,
1222 2706 1254 2728 c.
1280 2705 1383 2728 wa.
