1923 3020
743 234 886 268 LIBER
915 232 1154 278 QUARTUS.
1577 231 1649 266 303

245 321 363 381 regis
389 318 584 364 suborta
611 319 788 375 suisset,
828 319 884 365 ad
920 335 1063 381 quam
1099 318 1482 379 exstinguendam
1507 319 1646 379 atque
1706 338 1721 352 ν

245 394 620 459 reprimendam,
656 395 714 440 de
737 396 976 458 superiore
1010 394 1280 451 coenaculo,
1311 395 1356 438 in
1391 410 1486 456 quo
1511 402 1648 438 stete-

245 481 339 525 rat,
379 470 439 515 ad
480 470 698 515 inferiora
741 471 1090 527 descendisset,
1142 487 1167 516 a
1215 470 1399 515 militari
1441 470 1642 515 tumultu

244 547 379 593 valde
412 545 664 591 crudeliter
700 556 971 609 peremptus
997 547 1318 608 laceratusque
1356 546 1463 599 fuit,
1493 545 1648 591 multis

244 621 487 668 confossus
514 621 804 667 vulneribus.
842 625 1049 666 Fuerunt
1080 622 1298 666 nonnulli
1332 624 1395 667 ob
1434 623 1523 667 boc
1560 621 1645 667 hu-

238 697 446 760 jusmodi
485 698 591 742 rixae
624 707 669 742 et
700 697 841 759 jurgii
877 713 931 742 ex
974 698 1240 760 composito
1287 698 1530 754 studiosi¹,
1575 706 1644 755 ut,

245 773 493 818 occasione
538 783 758 836 accepta,
801 773 859 818 ad
899 772 1038 818 talem
1077 774 1220 836 ipsius
1264 790 1427 819 necem
1467 775 1648 820 venire-

244 860 332 895 tur.
368 850 476 894 Sine
507 865 601 911 qua
634 851 772 894 etiam
798 850 895 894 rixa
922 859 1134 894 asserunt
1171 849 1271 909 alii,
1302 867 1357 895 ex
1386 852 1650 914 composito

243 926 419 989 impetu
446 927 492 971 in
525 942 634 971 eum
661 926 810 982 facto,
843 942 924 988 per
958 925 1125 970 milites
1153 927 1198 970 in
1226 927 1467 988 superiore
1497 944 1653 973 coena-

243 1002 349 1047 culo
370 1003 564 1057 domus,
592 1003 637 1047 in
665 1019 756 1064 qua
781 1002 934 1048 stabat
966 1012 1012 1047 et
1041 1019 1115 1058 se,
1155 1012 1349 1065 propter
1389 1003 1528 1049 factas
1565 1004 1651 1049 sibi

246 1078 625 1141 pollicitationes,
667 1095 882 1124 securum
922 1095 1020 1124 esse
1055 1078 1347 1137 confidebat,
1378 1096 1484 1125 eum
1519 1082 1654 1126 {uisse

244 1166 565 1219 peremptum,
592 1157 840 1219 pluresque
861 1156 919 1201 de
939 1157 1033 1202 suis
1056 1156 1280 1202 militibus
1308 1167 1448 1218 atque
1476 1159 1654 1204 civibus

243 1232 380 1277 simili
404 1233 542 1278 fuisse
565 1233 841 1278 crudelitate
862 1243 903 1278 et
930 1232 1124 1296 perfidia
1149 1250 1401 1297 oppressos
1426 1251 1478 1279 ac
1505 1252 1652 1281 neca—

245 1317 332 1353 tos.
362 1312 578 1365 Quorum
604 1318 763 1354 unum
794 1310 948 1355 verius
981 1311 1061 1365 sit,
1084 1311 1164 1371 qui
1191 1311 1250 1356 ad
1273 1310 1504 1372 liquidum
1525 1328 1654 1358 eom-

242 1394 428 1446 pertum
455 1402 550 1430 non
574 1385 806 1431 habemus
823 1422 834 1440 ,
862 1386 1064 1432 diffinire
1088 1403 1186 1432 non
1208 1387 1455 1433 audemus.

308 1463 500 1508 Constat
525 1473 681 1508 tamen
709 1463 887 1526 absque
912 1463 1005 1509 ulla
1026 1463 1336 1521 haesitatione,
1363 1465 1518 1526 quod,
1544 1482 1652 1511 cum

243 1539 445 1601 praestita
470 1539 554 1585 sibi
581 1540 853 1599 securitate,
878 1556 1020 1602 quam
1041 1540 1244 1586 diximus
1259 1575 1270 1596 ,
1292 1541 1486 1604 pacifice
1504 1543 1655 1604 regios

244 1615 387 1661 duces
408 1626 549 1679 atque
574 1617 740 1662 milites
762 1618 809 1662 in
834 1618 1069 1663 civitatem
1095 1617 1381 1676 admisisset,
1405 1619 1655 1665 crudeliter

245 1708 497 1755 oppressus
516 1703 655 1756 atque
675 1694 929 1739 exstinctus
950 1694 1057 1751 fuit3
1080 1695 1304 1756 quodque
1318 1698 1330 1718 2
1348 1695 1654 1757 postmodum

244 1785 324 1814 rex
353 1779 398 1815 et
418 1771 590 1815 moenia
624 1780 666 1816 et
700 1770 871 1816 domos
896 1771 1038 1815 totius
1073 1771 1293 1829 civitatis,
1324 1781 1490 1835 praeter
1511 1772 1656 1818 eccle-

244 1845 382 1901 siam,
411 1845 533 1891 dirui
567 1856 707 1909 atque
743 1846 959 1892 demoliri
990 1846 1119 1892 fecit:
1151 1847 1310 1908 quod,
1339 1856 1569 1909 quamtum
1599 1865 1652 1894 ex

244 1920 360 1966 boni
380 1932 424 1967 et
444 1923 564 1986 aequi
590 1922 745 1968 officio
766 1924 991 1987 principis
1015 1924 1063 1968 id
1084 1923 1268 1969 efficere
1290 1923 1531 1978 debuerit,
1554 1926 1655 1986 ipse

244 1998 425 2044 viderit.

312 2079 365 2121 Et
394 2077 486 2122 hoc
515 2077 661 2122 modo
699 2077 810 2122 dicti
845 2078 1029 2123 comitis
1073 2076 1280 2139 flagitiis,
1323 2077 1576 2123 sceleribus
1610 2088 1655 2124 et

246 2153 419 2215 rapinis
452 2153 556 2198 finis
588 2155 836 2216 impositus
863 2154 962 2199 fuit.
999 2153 1090 2209 Qui
1125 2155 1362 2216 profecto,
1403 2171 1488 2218 pro
1513 2155 1655 2201 male-

247 2229 475 2275 factorum
495 2231 796 2276 multitudine
817 2241 859 2276 et
882 2230 1230 2292 magnitudine,
1255 2248 1357 2294 quae
1374 2231 1650 2290 admiserat,

247 2307 318 2352 vix
349 2308 487 2352 nimis
519 2325 679 2353 severe
704 2309 859 2371 puniri
888 2308 1136 2371 potuisset3
1176 2308 1257 2354 sed
1293 2309 1420 2371 quod
1462 2309 1522 2354 ad
1554 2310 1653 2372 ejus

246 2384 549 2446 supplicium,
578 2384 881 2446 quantumvis
904 2384 1027 2445 juste
1052 2386 1410 2448 promeruisset,
1434 2403 1544 2431 cum
1572 2386 1650 2432 tali

246 2462 514 2524 proditione
550 2472 688 2525 atque
725 2462 919 2526 perfidia
953 2472 1233 2525 perventum
1265 2463 1429 2521 fuerit,
1464 2480 1491 2509 a
1520 2464 1650 2511 nullo

299 2584 335 2617 1.
368 2580 398 2616 Il
421 2595 443 2630 y
463 2593 484 2616 a
508 2594 645 2618 encore
668 2594 743 2618 une
773 2581 1025 2618 incorrection
1046 2581 1093 2619 de
1113 2590 1213 2619 texte
1243 2581 1336 2619 dans
1365 2590 1460 2619 cette
1490 2582 1649 2632 phrase,

246 2641 296 2676 οὺ
316 2638 340 2675 il
363 2639 527 2676 faudrait
551 2640 673 2690 plutot
694 2640 762 2678 lire
779 2643 918 2676 Ferunt
935 2644 1197 2681 nonnullos...
1221 2642 1337 2689 fuisse
1355 2643 1546 2678 studiosos

299 2700 337 2735 2.
372 2701 516 2747 Quique
536 2699 628 2736 dans
648 2700 681 2736 le
702 2712 770 2739 mS.
