1923 3020
743 251 887 286 LIBER
914 250 1109 286 PRIMUS.
1579 249 1621 284 61

235 339 281 383 in
303 348 402 384 toto
425 338 645 383 comitatu
667 353 752 382 suo
777 347 1005 383 trecentos
1026 353 1102 382 rex
1122 335 1299 396 equites
1319 333 1492 380 habere
1513 333 1628 378 fere·

235 414 388 459 batur.
427 417 481 459 Et
514 414 818 459 nibilominus
852 414 1093 459 Gallorum
1129 412 1379 468 exercitus,
1417 412 1497 474 qui
1531 426 1625 454 non

235 507 376 553 supra
407 507 656 535 numerum
688 506 763 535 sex
794 490 990 535 millium
1017 490 1225 533 virorum
1255 498 1374 545 erat,
1408 487 1629 533 audacter

235 567 514 630 locupletem
552 568 676 613 illam
710 568 1003 629 nimiumque
1037 565 1286 629 superbam
1323 566 1628 610 Barcinonam

236 660 376 688 ausus
407 653 472 689 est
507 644 742 703 obsidere,
782 646 1021 705 tenuitque
1063 643 1301 689 obsessam
1337 645 1383 688 in
1418 642 1629 688 maximis

235 719 400 764 aestatis
432 719 664 765 caloribus
694 737 777 783 per
806 720 904 766 dies
939 719 1287 782 septemdecim.
1328 721 1451 763 Intra
1488 733 1629 779 quam

235 812 342 840 cum
363 797 568 859 populus
589 798 815 843 maximus
833 807 966 850 esset,
989 806 1031 841 et
1054 797 1132 857 qui
1153 796 1212 841 ad
1234 799 1468 857 sexaginta
1488 795 1630 841 millia

234 872 444 917 virorum
470 873 712 919 ferentium
739 890 867 919 arma
891 872 949 919 ab
972 872 1181 935 ipsismet
1204 872 1455 917 ascendere
1481 872 1625 933 jacta-

235 947 396 1007 batur,
437 966 680 1012 nunquam
720 960 874 995 tamen
916 965 1023 994 cum
1068 958 1162 993 tam
1204 964 1344 1010 parva
1390 948 1631 993 Gallorum

236 1040 377 1070 manu
420 1026 464 1069 in
501 1036 711 1089 apertum
744 1026 964 1071 dimicare
997 1024 1067 1069 vel
1101 1024 1326 1085 congredi
1362 1025 1461 1068 ausi
1499 1036 1626 1079 sunt;

236 1101 317 1146 sed
340 1119 387 1146 se
410 1103 530 1148 intra
553 1120 636 1149 sua
658 1104 830 1149 moenia
852 1101 1172 1158 continebant,
1198 1101 1260 1145 ita
1283 1110 1330 1145 ut
1350 1101 1490 1145 etiam
1513 1117 1633 1145 non-

242 1178 389 1223 nullas
414 1179 472 1223 de
496 1180 642 1241 portis
671 1181 786 1237 suis,
819 1189 944 1224 metu
975 1187 1193 1240 cogente,
1224 1192 1360 1221 muro
1386 1175 1633 1221 obserave-

237 1254 346 1299 rint.
379 1258 433 1299 Et
459 1257 494 1300 si
524 1255 713 1318 quando
745 1255 892 1318 (quod
924 1255 1065 1300 semel
1093 1263 1272 1299 tantum
1302 1262 1381 1298 aut
1412 1252 1506 1311 bis,
1545 1270 1631 1299 nec

238 1330 426 1393 pluries,
451 1333 508 1378 ab
525 1334 632 1396 ipsis
646 1342 921 1379 attentatum
937 1332 1070 1377 fuisse
1089 1330 1343 1391 ferebatur)
1362 1329 1504 1392 aliqui
1523 1347 1630 1393 por-

239 1407 294 1451 tis
318 1410 578 1472 eruperint,
606 1410 818 1472 protinus
846 1408 1024 1471 excepti
1050 1424 1076 1452 a
1099 1407 1265 1463 Gallis,
1294 1407 1396 1452 caesi
1421 1407 1493 1452 vel
1518 1406 1628 1465 fusi,

240 1483 355 1545 fugae
374 1486 697 1547 ignominiosae
716 1484 930 1548 praesidio
951 1501 1048 1530 sese
1068 1485 1187 1529 intra
1207 1484 1379 1529 moenia
1401 1500 1481 1530 sua
1505 1500 1632 1545 urge-

238 1560 410 1607 bantur
434 1564 654 1626 recipere.

302 1639 667 1684 Decurrentibus
705 1648 859 1684 autem
903 1638 990 1683 illis
1029 1637 1223 1695 diebus,
1271 1637 1443 1700 quibus
1484 1647 1634 1684 castra

238 1714 479 1760 Gallorum
514 1716 643 1776 juxta
684 1716 918 1760 civitatem
960 1725 1254 1770 manserunt,
1304 1715 1380 1759 vix
1419 1713 1633 1759 aestimari

238 1791 464 1836 damnum
486 1802 641 1854 posset
664 1792 792 1853 quod
811 1791 989 1837 civibus
1009 1792 1057 1836 in
1076 1791 1304 1837 incendiis
1324 1792 1633 1854 pretiosarum

237 1866 451 1911 villarum
483 1877 523 1912 et
555 1867 777 1912 arborum
808 1866 1173 1926 fructiferarum,
1204 1869 1459 1928 vitiumque
1486 1868 1632 1912 succi-

237 1943 446 1988 sionibus
478 1945 647 1989 exstitit
677 1945 953 2005 irrogatum,
992 1945 1235 2007 potissime
1269 1943 1328 1988 ab
1365 1943 1437 1988 his
1467 1944 1546 2005 qui
1577 1943 1634 1989 de

237 2021 461 2066 comitatu
492 2031 536 2066 et
563 2021 622 2066 (le
651 2022 868 2066 societate
899 2022 1016 2082 regis
1047 2024 1314 2081 Aragonum
1339 2030 1486 2066 erant.
1514 2023 1631 2064 Cum

239 2098 363 2142 enim
396 2097 566 2143 acerbo
598 2108 641 2143 et
673 2097 951 2160 implacabili
976 2114 1106 2160 paene
1140 2097 1252 2142 odio
1285 2097 1407 2142 cives
1440 2096 1635 2142 rebelles

238 2173 487 2230 haberent,
523 2174 693 2219 nullius
725 2173 794 2218 vel
828 2174 1009 2219 sedium
1045 2173 1115 2218 vel
1154 2173 1377 2218 arborum
1414 2175 1634 2236 speciosi—

240 2253 317 2296 tati
348 2270 429 2298 seu
456 2253 639 2298 utilitati
669 2250 921 2314 parcebant
950 2269 958 2295 :
988 2252 1047 2296 ita
1084 2251 1210 2313 quod
1243 2251 1400 2295 omnia
1432 2251 1632 2296 circum-

239 2328 360 2373 circa
382 2329 613 2374 civitatem
638 2327 823 2391 palatia,
849 2344 951 2389 quie
975 2337 1019 2372 et
1043 2327 1243 2390 plurima
1269 2336 1313 2372 et
1340 2327 1633 2372 ornatissima

240 2414 392 2463 erant,
425 2405 551 2466 igne,
586 2404 761 2465 absque
795 2405 1089 2449 miseratione
1117 2403 1296 2465 aliqua,
1332 2404 1629 2467 popularem.

240 2482 295 2524 Et
330 2481 365 2524 si
408 2497 567 2525 secum
604 2480 833 2525 advehere
867 2481 1125 2543 potuissent
1160 2480 1276 2525 Galli
1316 2480 1629 2538 bombardas,

240 2555 409 2618 quibus
430 2558 473 2601 in
504 2556 687 2601 urbium
713 2567 757 2602 et
779 2567 1037 2603 castrorum
1061 2557 1406 2620 expugnatione
1433 2559 1496 2602 uti
1521 2574 1634 2602 con-

240 2642 513 2691 sueverunt,
546 2633 618 2677 vel
651 2633 788 2678 etiam
818 2649 1056 2678 annonam
1087 2633 1146 2678 ad
1185 2632 1510 2679 sufficientiam
1545 2650 1632 2696 pro

240 2726 288 2754 se
311 2718 353 2753 et
379 2711 508 2770 equis
529 2708 701 2754 habere.
725 2710 1006 2771 potuissent,
1037 2727 1131 2755 non
1154 2709 1422 2771 ambigitur,
1452 2710 1632 2756 civibus
