1923 3020
773 265 916 301 LIBER
942 265 1137 300 PRIMUS.
1603 264 1644 298 71

257 355 405 401 missis
421 355 481 400 ad
502 353 708 416 singulos
732 351 826 397 suis
847 351 1071 415 epistolis,
1099 359 1284 396 mutuas
1308 350 1529 414 pecunias
1551 365 1654 395 exe-

257 433 343 494 git,
374 430 434 476 ab
458 447 553 476 uno
581 429 723 486 mille,
750 428 809 474 ab
835 428 927 474 alio
954 428 1050 473 duo
1074 427 1244 481 millia,
1273 427 1377 490 plus
1404 426 1476 473 vel
1501 427 1655 472 minus

258 518 397 571 prout
420 509 644 570 cujusque
669 505 905 551 facultates
927 504 1137 550 sufficere
1161 503 1464 567 putabantur,
1491 505 1527 549 A
1551 503 1658 549 civi-

257 585 344 629 bus
361 584 502 629 etiam
526 581 911 645 locupletioribus
932 590 976 626 et
999 581 1264 626 civitatibus
1284 589 1431 625 certas
1453 594 1659 625 summas

257 660 432 705 habere
455 660 686 722 poposcit.
715 662 833 704 Cum
856 674 968 703 vero
993 657 1290 703 intellexisset
1312 657 1359 701 in
1384 656 1481 702 aede
1505 672 1657 713 sacra,

259 735 455 783 ecclesia
479 736 650 780 scilicet
674 735 852 796 majore
878 733 1145 789 Parisiensi,
1173 733 1347 778 servari
1371 732 1584 795 deposita
1607 748 1662 778 ex

261 812 560 858 ordinatione
597 811 784 872 justitiae
816 810 1053 855 curiarum
1081 824 1410 870 supremarum
1439 808 1569 870 regni
1603 808 1663 853 ad

261 904 480 949 magnam
505 888 603 932 auri
623 888 947 949 quantitatem,
979 901 1065 949 pro
1094 884 1167 929 his
1192 884 1417 948 depositis
1446 885 1663 932 tollendis

262 965 462 1010 Parisios
486 964 693 1009 accessit.

328 1040 397 1085 Ad
430 1056 570 1102 quam
600 1038 767 1084 urbem
795 1054 904 1083 cum
932 1053 986 1083 ex
1019 1036 1212 1081 diversis
1250 1036 1380 1098 regni
1411 1037 1666 1099 provinciis

264 1115 439 1180 praelati
465 1123 829 1172 concurrerent,
865 1112 924 1159 ad
949 1128 1067 1176 quos
1090 1128 1169 1157 rex
1193 1111 1413 1174 epistolas
1437 1112 1667 1158 direxerat

263 1202 494 1255 quatenus
521 1191 630 1237 illuc
658 1207 863 1236 summas
888 1190 948 1236 ab
978 1189 1089 1253 ipsis
1112 1188 1278 1251 petitas
1304 1188 1379 1233 vel
1405 1188 1664 1249 deferrent,

264 1269 336 1313 vel
360 1268 742 1325 transmitterent,
766 1264 1022 1312 aestimabat
1040 1265 1205 1327 vulgus
1228 1263 1422 1326 aliquod
1441 1280 1666 1327 magnum

264 1346 609 1408 parlamentum
625 1361 705 1389 seu
722 1344 991 1401 concilium,
1009 1359 1096 1406 pro
1114 1341 1381 1387 ordinando
1398 1343 1530 1403 regni
1548 1352 1666 1389 statu

265 1422 312 1467 in
339 1421 581 1466 meliorem
609 1422 830 1478 formam,
858 1437 940 1482 per
964 1435 1121 1482 regem
1149 1418 1323 1464 debere
1355 1418 1582 1465 celebrari
1614 1436 1668 1466 ac

266 1498 431 1543 teneri.
458 1497 548 1542 Sed
575 1498 723 1559 qualis
746 1497 917 1542 exstitit
941 1496 1011 1541 sui
1032 1495 1266 1541 adventus
1285 1495 1503 1553 intentio,
1525 1496 1666 1559 paulo

266 1584 373 1637 post
410 1575 508 1637 ipse
549 1574 801 1620 declaravit
838 1572 1229 1635 manifestumque
1254 1572 1376 1618 fecit.
1407 1576 1525 1619 Nam
1557 1590 1667 1619 cum

267 1668 350 1715 per
396 1651 495 1696 dies
534 1651 764 1714 plurimos
780 1687 789 1705 ,
829 1667 913 1714 per
952 1649 1086 1696 villas
1129 1650 1268 1712 sylvis
1302 1651 1667 1713 propinquiores

267 1727 451 1773 diversa
472 1729 727 1790 accepisset
748 1726 966 1790 hospitia,
994 1743 1102 1771 cum
1127 1726 1219 1772 suis
1242 1726 1549 1772 venatoribus
1583 1728 1669 1788 syl-

267 1820 347 1849 vas
372 1803 589 1849 venando
613 1819 640 1848 a
662 1819 802 1848 mane
826 1819 972 1865 usque
1001 1803 1060 1849 ad
1087 1819 1332 1867 vesperam
1362 1802 1664 1860 collustrans,

267 1881 398 1943 quasi
418 1880 475 1925 ad
498 1879 613 1924 nihil
632 1880 759 1925 aliud
777 1880 980 1942 cogitare
1001 1879 1211 1939 deberet,
1235 1880 1400 1925 urbem
1418 1888 1581 1942 postea
1599 1890 1667 1925 est

268 1958 516 2019 ingressus.
544 1959 594 2001 ln
621 1972 715 2018 qua
737 1956 872 2011 duos,
900 1967 980 2003 aut
1003 1966 1111 2015 tres,
1140 1956 1213 2002 vel
1235 1956 1393 2019 plures
1416 1955 1514 2001 dies
1536 1972 1668 2001 com-

268 2043 500 2091 moratus,
534 2032 780 2095 explorans
809 2049 1016 2096 quanam
1043 2034 1117 2079 via
1142 2032 1470 2078 commodiore
1498 2047 1667 2077 aurum

268 2110 565 2173 hujusmodi,
594 2127 679 2173 pro
706 2110 879 2167 viduis,
906 2109 1116 2174 pupillis,
1142 2109 1452 2172 litigatoribus
1472 2109 1667 2173 aliisque

269 2188 405 2233 variis
429 2187 602 2244 causis,
630 2186 756 2250 apud
779 2186 926 2232 cedem
953 2202 1134 2232 sacram
1160 2186 1346 2250 publice
1373 2186 1666 2250 depositum,

270 2264 368 2326 ipse
393 2263 598 2321 tolleret,
632 2280 688 2308 eo
716 2263 907 2309 tandem
934 2262 1141 2320 sublato,
1173 2263 1233 2309 ad
1261 2279 1368 2309 suas
1393 2264 1564 2309 iterum
1588 2280 1669 2309 ve-

270 2341 485 2386 nationes
509 2339 707 2403 (quibus
730 2357 870 2403 supra
893 2339 1092 2385 modum
1115 2356 1168 2386 ac
1192 2356 1462 2387 mensuram
1483 2340 1668 2387 deditus

272 2417 392 2478 erat)
417 2427 485 2462 est
508 2419 778 2478 regressus¹.

335 2495 537 2538 Fuerant
575 2493 769 2555 quidem
805 2492 1021 2539 nonnulli
1055 2493 1112 2539 de
1147 2493 1278 2539 curia
1313 2493 1594 2540 Parlamenti
1624 2503 1669 2539 et

271 2569 414 2632 aliqui
447 2569 742 2615 ecclesiastici
781 2569 980 2634 praelati,
1019 2571 1101 2634 qui
1136 2570 1196 2617 ab
1232 2570 1310 2616 illa
1344 2570 1670 2634 depositorum

326 2739 363 2774 1.
395 2740 585 2785 Ingressus
605 2736 698 2775 dans
717 2738 751 2775 le
770 2751 839 2775 ms.
