1923 3020
766 242 908 278 LIBER
936 242 1131 279 PRIMUS.
1628 242 1649 275 9

253 329 463 394 ejusdem
488 330 837 393 assumptionis,
864 329 909 374 in
939 328 1130 374 ecclesia
1152 328 1349 389 majori,
1379 337 1485 374 ante
1507 327 1650 374 altare

254 407 417 469 majus,
441 423 525 470 per
547 406 743 452 civitatis
778 405 989 467 ejusdem
1020 405 1428 468 archiepiscopum
1452 407 1480 462 ¹,
1509 404 1651 468 pluri-

253 483 340 529 bus
365 482 650 545 principibus
673 492 716 527 et
740 481 960 539 dominis,
991 482 1192 527 maxime
1220 481 1278 526 de
1309 481 1440 526 terris
1464 491 1508 526 et
1532 482 1654 526 ami-

254 561 361 606 citia
383 560 515 604 ducis
542 559 927 621 Burgundionum
951 594 961 614 ,
1005 558 1257 621 multisque
1283 558 1422 603 etiam
1454 558 1651 620 praelatis

255 637 384 698 regni
418 636 725 698 praesentibus
761 645 900 699 atque
938 635 1284 693 assistentibus,
1325 635 1368 679 in
1404 651 1557 697 regem
1593 634 1651 679 de

256 728 385 757 more
421 712 588 756 exstitit
622 713 842 757 inunctus
871 722 915 757 ct
947 722 1170 757 sacratus.
1212 715 1423 773 Cumque
1459 711 1652 757 sollicite

254 788 418 834 ctausae
439 787 757 851 obserataeque
793 787 1000 850 ejusdem
1037 787 1239 832 ecclesiae
1277 787 1396 832 sores
1436 797 1479 833 et
1501 787 1652 833 aditus

255 865 441 926 singuli,
468 865 680 910 custodia
704 865 930 921 adbibita,
959 864 1127 909 muniti
1153 863 1365 920 fuissent,
1389 881 1469 922 ne,
1497 864 1652 909 nimiae

256 940 541 985 multitudini
565 941 773 1003 ingressu
795 940 1035 1004 permisso,
1063 938 1350 1002 populorum
1372 940 1652 1003 constipatio

255 1017 577 1062 inordinabilis
612 1027 655 1062 et
692 1017 828 1063 valde
862 1016 1125 1080 periculosa
1160 1016 1431 1077 contingere
1469 1026 1648 1078 posset,

255 1103 301 1138 et
326 1110 409 1156 per
424 1093 517 1138 hoc
542 1110 764 1139 numerus
788 1093 1053 1149 hominum,
1078 1092 1157 1154 qui
1175 1092 1426 1136 intromissi
1450 1091 1648 1148 fuerant,

255 1170 363 1215 satis
399 1170 668 1215 moderatus
700 1170 847 1228 soret,
892 1180 936 1215 et
971 1186 1110 1232 quem
1155 1169 1367 1232 profecto
1406 1169 1537 1214 tertia
1580 1170 1652 1215 vel

256 1256 420 1310 quarta
449 1264 554 1310 pars
589 1247 720 1292 chori
751 1248 859 1293 satis
891 1246 1035 1292 libere
1064 1262 1230 1309 capere
1256 1254 1462 1309 poterat,
1496 1254 1652 1291 tamen

254 1341 404 1388 prope
427 1324 569 1369 altare
587 1325 753 1385 majus,
781 1324 861 1369 ubi
881 1339 1009 1369 sacra
1025 1322 1214 1378 fiebant,
1234 1331 1361 1368 tanta
1372 1323 1652 1386 constipatio

254 1417 309 1446 ex
334 1399 608 1445 militaribus
631 1409 677 1445 et
700 1401 798 1446 aliis
823 1400 904 1463 qui
925 1399 1017 1445 illic
1041 1398 1255 1458 aderant,
1283 1408 1327 1444 et
1351 1408 1446 1444 tam
1471 1399 1653 1444 inordi-

255 1486 362 1522 nata
390 1478 676 1539 compressio
713 1476 823 1532 fuit,
864 1485 914 1521 ut
950 1476 1025 1520 vix
1053 1474 1252 1538 praelatis
1275 1512 1285 1532 ,
1325 1475 1405 1538 qui
1438 1476 1653 1521 Remensi

255 1553 610 1617 archiepiscopo
636 1554 681 1598 in
715 1569 847 1599 sacro
874 1552 1030 1598 officio
1055 1552 1433 1616 cooperabantur
1455 1569 1535 1598 seu
1565 1554 1652 1598 mi-

256 1629 514 1674 nistrabant
552 1630 621 1675 vel
663 1629 955 1683 assistebant,
998 1629 1131 1675 locus
1168 1630 1214 1674 in
1251 1646 1346 1692 quo
1380 1646 1428 1675 se
1465 1646 1655 1676 movere

254 1715 445 1769 possent
477 1706 832 1768 relinqueretur.
866 1705 954 1750 Sed
990 1722 1075 1751 nec
1098 1705 1388 1770 principibus
1413 1707 1523 1770 ipsis
1546 1724 1655 1770 prae-

255 1782 450 1844 latisque
471 1782 588 1841 aliis,
613 1783 692 1845 qui
716 1782 807 1827 illic
832 1798 979 1845 prope
1003 1782 1247 1828 adstabant
1281 1793 1325 1828 et
1349 1783 1521 1846 quibus
1544 1801 1654 1847 pro-

255 1859 366 1922 priae
390 1858 522 1904 sedes
543 1859 726 1904 fuerant
741 1858 990 1922 dispositae,
1012 1859 1245 1922 parcitum
1270 1859 1370 1915 fuit,
1391 1859 1503 1921 quin
1522 1859 1654 1905 multi

257 1936 456 1997 graviter
481 1945 523 1980 et
547 1935 741 1980 moleste
761 1935 957 1998 aturbis
988 1936 1259 1981 militarium
1291 1945 1335 1980 et
1359 1936 1557 1981 aliorum
1583 1937 1653 1981 in-

257 2012 376 2059 fimae
399 2012 535 2058 sortis
559 2021 899 2075 premerentur.

321 2092 573 2152 Postquam
598 2098 751 2133 autem
778 2098 929 2133 totum
949 2088 1312 2134 consecrationis
1335 2087 1542 2134 officium
1574 2088 1654 2134 ab·

258 2167 463 2211 solutum
480 2166 582 2222 fuit,
602 2164 735 2210 multi
751 2165 979 2209 nobilium
999 2165 1057 2210 de
1073 2165 1264 2210 diversis
1277 2166 1405 2227 regni
1423 2165 1652 2228 partibus,

258 2243 333 2288 alii
352 2260 510 2289 coram
537 2259 659 2304 rege,
684 2242 758 2286 alii
775 2258 933 2286 coram
955 2241 1072 2287 (luce
1090 2242 1492 2303 Burgundionum,
1516 2259 1655 2306 supra

259 2336 409 2382 genua
435 2318 814 2384 procumbenteS,
845 2334 942 2363 sese
967 2328 1384 2381 repraesentarunt,
1412 2329 1461 2364 ut
1486 2318 1656 2364 mititiae

258 2396 487 2442 honorem
523 2396 813 2459 gradumque
848 2405 1204 2456 assequerentur
1237 2397 1265 2440 ².
1305 2399 1437 2452 Quos
1481 2404 1653 2440 attactu

258 2473 345 2519 levi
380 2474 519 2535 gladii
559 2473 614 2518 ad
658 2472 831 2517 collum
873 2471 1039 2517 milites
1080 2471 1327 2529 creabant3
1366 2473 1444 2534 qui
1485 2488 1655 2534 magno

314 2611 349 2646 1.
381 2611 474 2646 Jean
493 2606 678 2645 Jouvenel
702 2605 766 2642 des
786 2605 932 2645 Ursins.

313 2669 351 2706 2.
383 2666 595 2705 Chastelain
632 2674 667 2702 et
701 2668 858 2715 Jacques
894 2665 1081 2717 Duclercq
1114 2677 1311 2705 nomment
1346 2669 1399 2705 les
1433 2666 1656 2717 principaux

262 2726 470 2763 chevaliers
489 2725 593 2762 crees
613 2737 661 2762 au
681 2737 784 2762 sacre
806 2723 851 2760 de
874 2723 988 2761 Louis
1009 2727 1079 2762 XI.
