1923 3020
340 260 412 295 116
694 258 1032 294 HISTORIARUM
1060 258 1293 293 LUDOVICI
1321 258 1376 291 XI

337 343 639 394 exercitibus,
693 359 749 388 ex
801 343 1035 388 Britannia
1085 342 1179 387 dux
1230 343 1498 399 Britonurn,
1560 341 1740 388 habens

336 419 580 477 Carolum,
613 434 890 480 germanum
919 419 1066 479 regis,
1105 434 1215 463 cum
1247 417 1418 463 comite
1444 418 1653 462 Dunensi
1692 418 1738 462 in

336 513 420 542 suo
444 495 695 553 comitatu3
723 504 768 539 et
788 494 997 540 similiter
1022 494 1244 540 dominus
1269 492 1464 539 Carolus
1481 492 1540 539 de
1563 493 1741 539 Charo-

337 564 422 616 lol's
451 571 556 633 qui,
594 572 869 617 transmisso
902 571 1097 617 flumine
1128 572 1276 616 lsarae¹
1297 607 1307 627 ,
1350 587 1498 634 prope
1541 571 1741 616 Parisios

335 647 390 692 ad
433 649 980 711 Sanctum-Dionysium
1018 649 1143 694 venit
1188 665 1296 693 cum
1340 649 1512 694 comite
1559 650 1737 694 Sancti-

337 723 501 782 Pauli2,
529 724 609 769 ubi
638 725 938 788 operiebatur
963 726 1219 771 exercitum
1240 724 1297 770 de
1322 725 1592 787 Burgundia
1615 741 1738 788 qua-

333 799 690 863 dringentarum
731 802 805 848 vel
841 802 1041 865 amplius
1081 802 1380 860 lancearum,
1422 819 1564 865 quem
1596 802 1656 847 ad
1691 819 1740 847 se

333 877 604 924 ducendum
653 879 951 924 marescallus
995 879 1301 940 Burgundiae³
1341 889 1598 943 receperat.
1646 878 1738 924 Sed

334 955 527 1000 minime
552 956 643 1001 hoc
669 956 879 1019 perfecit.

399 1033 535 1077 Initio
561 1042 715 1078 autem
742 1032 867 1077 idem
892 1033 1110 1088 Carolus,
1139 1048 1297 1077 comes
1321 1031 1379 1076 de
1406 1032 1664 1089 Clau-olozis,
1691 1049 1738 1077 se

334 1108 581 1172 pacificum
605 1110 764 1154 venire
782 1118 1047 1166 ostentans,
1073 1119 1116 1154 et
1136 1124 1232 1153 non
1253 1108 1475 1153 hostilem
1502 1109 1561 1155 ad
1581 1126 1739 1171 regem

332 1202 496 1231 suasve
529 1196 674 1232 terras
713 1186 924 1231 animum
960 1202 1146 1245 gerere,
1172 1186 1430 1230 necessaria
1468 1186 1739 1248 persolvens

333 1280 418 1308 suo
442 1264 664 1309 exercitui
686 1263 928 1316 victualia,
957 1261 1073 1307 nihil
1104 1261 1365 1325 praedarum
1392 1262 1461 1307 vel
1494 1262 1739 1308 inccndio-

334 1357 437 1384 rum
466 1340 562 1385 tieri
598 1338 914 1402 permittebat.
945 1338 1086 1395 Quod
1125 1348 1170 1383 et
1207 1338 1568 1401 quodammodo
1606 1340 1740 1385 simi-

334 1417 436 1461 liter
476 1417 648 1462 ducem
695 1418 935 1461 Britonum
990 1416 1139 1461 faeere
1207 1416 1456 1461 ferebatur.
1513 1416 1741 1480 Sperabat

335 1494 483 1552 enim,
520 1502 570 1538 ut
598 1493 825 1549 diximus,
861 1493 960 1537 sine
998 1492 1224 1537 conflictu
1262 1502 1306 1537 et
1344 1491 1469 1538 bello
1502 1509 1656 1554 regem
1693 1510 1742 1539 se

334 1587 470 1632 posse
507 1570 764 1627 adducere,
804 1580 852 1614 ut
893 1569 1308 1630 congregationem
1344 1568 1605 1614 solemnem
1638 1570 1740 1614 Sta-

336 1656 465 1691 tuum
489 1648 616 1709 regni
646 1647 824 1691 Parisiis
852 1646 1130 1703 celebraret,
1159 1646 1205 1690 in
1233 1662 1325 1708 qua
1343 1647 1632 1691 conveniens
1650 1646 1743 1691 lan-

334 1723 561 1784 guoribus
589 1724 729 1768 totius
756 1724 886 1784 regni
918 1723 1099 1769 medela
1129 1722 1436 1786 praeberetur,
1464 1732 1509 1768 et
1544 1724 1738 1780 Carolo,

334 1817 420 1846 suo
456 1802 596 1846 unico
628 1817 876 1863 germano,
907 1809 1181 1863 competens
1217 1809 1422 1862 paternae
1458 1798 1741 1844 haereditatis

334 1877 491 1940 portio
510 1877 839 1937 assignaretur.
866 1880 1119 1940 Propterea
1139 1876 1485 1937 regnicolarum
1509 1885 1552 1920 et
1575 1875 1740 1938 populi

336 1955 495 2013 totius,
527 1955 795 1999 Parisiensis
820 1954 1038 2010 maxime,
1061 1953 1243 1999 favores
1267 1962 1455 2016 captare
1481 1953 1736 2007 nitebatur,

336 2046 421 2085 ne,
448 2047 578 2075 secus
598 2047 651 2076 ac
677 2031 829 2076 verbis
853 2030 1172 2094 praetendebat
1200 2066 1211 2088 ,
1241 2030 1389 2076 facere
1413 2028 1667 2075 videretur.

401 2109 613 2153 Tentavit
646 2118 803 2153 autem
848 2107 1045 2153 suadere
1092 2108 1373 2154 Parisienses
1415 2107 1539 2153 idem
1578 2124 1738 2154 comes

339 2192 388 2227 ut
424 2199 471 2228 se
509 2184 700 2245 pacifice
739 2186 785 2229 in
824 2183 990 2230 urbem
1026 2185 1315 2248 reciperent,
1357 2184 1634 2247 promittens
1679 2184 1738 2230 ab

396 2323 427 2356 l.
462 2320 492 2353 Λ
516 2318 735 2354 Pont-Saint
764 2323 961 2366 Maxence,
983 2319 1018 2356 le
1037 2321 1084 2356 30
1101 2319 1200 2366 juin.

391 2378 428 2412 2.
462 2376 574 2411 Louis
594 2376 639 2412 dc
659 2377 943 2428 Luxembourg,
969 2386 1090 2414 comte
1112 2378 1158 2414 de
1178 2377 1390 2415 Saint-Pol.

393 2436 428 2470 3.
460 2432 631 2469 Tliibaud
651 2433 943 2483 dclN'cuscln'itcl,
966 2436 1143 2487 seigneur
1161 2436 1207 2473 de
1226 2437 1412 2472 Blamont.
1431 2436 1459 2472 Il
1480 2436 1534 2472 fut
1551 2435 1676 2486 oblige
1692 2436 1738 2473 de

336 2493 429 2530 faire
449 2506 500 2529 un
517 2492 652 2528 dctour
668 2493 836 2537 enorme,
857 2507 968 2542 parce
985 2508 1058 2543 que
1076 2495 1110 2531 le
1130 2495 1261 2532 batard
1279 2495 1325 2532 de
1340 2495 1534 2532 vendcnne
1551 2495 1604 2531 lui
1622 2495 1739 2532 ferma

337 2551 373 2588 la
398 2551 578 2587 fronticre
595 2551 642 2587 de
657 2551 898 2601 Cliampagne
916 2565 983 2600 par
996 2553 1161 2601 laquelle
1179 2554 1202 2590 il
1218 2554 1318 2590 avait
1338 2555 1512 2590 concerti}
1527 2566 1594 2589 son
1611 2554 1739 2590 entree

338 2624 385 2647 en
405 2613 560 2648 France.
577 2609 605 2645 Il
628 2609 679 2645 lui
698 2609 803 2645 sallut
820 2618 1011 2646 remonter
1026 2612 1205 2660 jusqu'en
1222 2615 1447 2663 Bourgogne
1464 2625 1560 2662 pour
1577 2611 1739 2648 rabattre

337 2685 407 2721 par
426 2675 609 2708 Auxerre.
632 2671 739 2707 Picce
757 2669 807 2706 du
828 2671 948 2705 tresor
964 2670 1030 2705 des
1049 2670 1213 2719 cliartcs,
1232 2675 1267 2709 J.
1292 2674 1383 2715 950,
1402 2672 1496 2709 citee
1515 2685 1584 2722 par
1604 2675 1654 2708 M.
1672 2671 1739 2708 Mi-

337 2731 480 2778 chelet,
504 2731 668 2767 Histoire
687 2731 733 2765 cle
757 2732 912 2777 France,
938 2737 961 2767 t.
990 2731 1052 2774 VI,
1076 2743 1113 2779 p.
1138 2732 1227 2767 11¹1.
