<?xml version="1.0" encoding="UTF-8"?>
<!DOCTYPE html PUBLIC "-//W3C//DTD XHTML 1.0 Transitional//EN"
    "http://www.w3.org/TR/xhtml1/DTD/xhtml1-transitional.dtd">
<html xmlns="http://www.w3.org/1999/xhtml" xml:lang="en" lang="en">
 <head>
  <title>
</title>
<meta http-equiv="Content-Type" content="text/html;charset=utf-8" />
  <meta name='ocr-system' content='tesseract 3.04.00' />
  <meta name='ocr-capabilities' content='ocr_page ocr_carea ocr_par ocr_line ocrx_word'/>
</head>
<body>
  <div class='ocr_page' id='page_1' title='image "./histoiredesrgn02basi_0318.png"; bbox 0 0 1923 3020; ppageno 0'>
   <div class='ocr_carea' id='block_1_1' title="bbox 292 244 1333 282">
    <p class='ocr_par' dir='ltr' id='par_1_1' title="bbox 292 244 1333 282">
     <span class='ocr_line' id='line_1_1' title="bbox 292 244 1333 282; baseline -0.004 0"><span class='ocrx_word' id='word_1_1' title='bbox 292 247 366 282; x_wconf 74' lang='lat'>238</span> <span class='ocrx_word' id='word_1_2' title='bbox 652 244 989 279; x_wconf 80' lang='lat' dir='ltr'>HISTORIARUM</span> <span class='ocrx_word' id='word_1_3' title='bbox 1021 244 1250 279; x_wconf 79' lang='lat' dir='ltr'><strong>LL&#39;DOVICI</strong></span> <span class='ocrx_word' id='word_1_4' title='bbox 1280 244 1333 278; x_wconf 73' lang='lat' dir='ltr'>xl</span> 
     </span>
    </p>
   </div>
   <div class='ocr_carea' id='block_1_2' title="bbox 287 327 1706 2543">
    <p class='ocr_par' dir='ltr' id='par_1_2' title="bbox 287 327 1698 1468">
     <span class='ocr_line' id='line_1_2' title="bbox 358 327 1688 390; baseline -0.002 -13"><span class='ocrx_word' id='word_1_5' title='bbox 358 330 592 377; x_wconf 74' lang='lat' dir='ltr'>Accedens</span> <span class='ocrx_word' id='word_1_6' title='bbox 626 329 781 390; x_wconf 83' lang='lat' dir='ltr'>itaque</span> <span class='ocrx_word' id='word_1_7' title='bbox 817 329 876 373; x_wconf 81' lang='lat' dir='ltr'>ad</span> <span class='ocrx_word' id='word_1_8' title='bbox 914 345 1022 374; x_wconf 89' lang='lat' dir='ltr'>eum</span> <span class='ocrx_word' id='word_1_9' title='bbox 1056 340 1100 374; x_wconf 83' lang='lat' dir='ltr'>et</span> <span class='ocrx_word' id='word_1_10' title='bbox 1127 329 1315 374; x_wconf 84' lang='lat' dir='ltr'>easdem</span> <span class='ocrx_word' id='word_1_11' title='bbox 1343 327 1429 372; x_wconf 88' lang='lat' dir='ltr'>sibi</span> <span class='ocrx_word' id='word_1_12' title='bbox 1463 328 1688 375; x_wconf 82' lang='lat' dir='ltr'>exhibens</span> 
     </span>
     <span class='ocr_line' id='line_1_3' title="bbox 291 404 1691 467; baseline -0.001 -14"><span class='ocrx_word' id='word_1_13' title='bbox 291 409 462 453; x_wconf 72' lang='lat' dir='ltr'>litteras</span> <span class='ocrx_word' id='word_1_14' title='bbox 486 416 623 467; x_wconf 86' lang='lat' dir='ltr'>atque</span> <span class='ocrx_word' id='word_1_15' title='bbox 646 405 927 461; x_wconf 72' lang='lat' dir='ltr'>ostendens,</span> <span class='ocrx_word' id='word_1_16' title='bbox 957 407 1214 451; x_wconf 74' lang='lat' dir='ltr'>sciscitatus</span> <span class='ocrx_word' id='word_1_17' title='bbox 1243 415 1310 451; x_wconf 88' lang='lat' dir='ltr'>est</span> <span class='ocrx_word' id='word_1_18' title='bbox 1340 404 1399 450; x_wconf 81' lang='lat' dir='ltr'>ab</span> <span class='ocrx_word' id='word_1_19' title='bbox 1424 421 1504 463; x_wconf 72' lang='grc' dir='ltr'>ρο,</span> <span class='ocrx_word' id='word_1_20' title='bbox 1531 421 1590 450; x_wconf 81' lang='lat' dir='ltr'>an</span> <span class='ocrx_word' id='word_1_21' title='bbox 1630 406 1691 451; x_wconf 85' lang='lat' dir='ltr'>ad</span> 
     </span>
     <span class='ocr_line' id='line_1_4' title="bbox 291 481 1687 546; baseline -0.001 -19"><span class='ocrx_word' id='word_1_22' title='bbox 291 485 442 546; x_wconf 83' lang='lat' dir='ltr'>ipsum</span> <span class='ocrx_word' id='word_1_23' title='bbox 464 482 623 526; x_wconf 55' lang='lat' dir='ltr'>litterae</span> <span class='ocrx_word' id='word_1_24' title='bbox 642 481 972 543; x_wconf 81' lang='lat' dir='ltr'>hujuscemodi</span> <span class='ocrx_word' id='word_1_25' title='bbox 992 484 1172 545; x_wconf 75' lang='lat' dir='ltr'>scriptae</span> <span class='ocrx_word' id='word_1_26' title='bbox 1192 491 1360 527; x_wconf 88' lang='lat' dir='ltr'>essent.</span> <span class='ocrx_word' id='word_1_27' title='bbox 1388 484 1489 545; x_wconf 84' lang='lat' dir='ltr'>lpse</span> <span class='ocrx_word' id='word_1_28' title='bbox 1513 489 1687 541; x_wconf 86' lang='lat' dir='ltr'>autem,</span> 
     </span>
     <span class='ocr_line' id='line_1_5' title="bbox 289 559 1694 623; baseline -0.001 -17"><span class='ocrx_word' id='word_1_29' title='bbox 289 561 410 606; x_wconf 79' lang='lat' dir='ltr'>mala</span> <span class='ocrx_word' id='word_1_30' title='bbox 442 560 626 605; x_wconf 85' lang='lat' dir='ltr'>sceleris</span> <span class='ocrx_word' id='word_1_31' title='bbox 661 560 813 622; x_wconf 83' lang='lat' dir='ltr'>ipsum</span> <span class='ocrx_word' id='word_1_32' title='bbox 839 560 1036 606; x_wconf 85' lang='lat' dir='ltr'>rodente</span> <span class='ocrx_word' id='word_1_33' title='bbox 1062 561 1370 618; x_wconf 81' lang='lat' dir='ltr'>conscientia,</span> <span class='ocrx_word' id='word_1_34' title='bbox 1398 560 1596 623; x_wconf 79' lang='lat' dir='ltr'>pavidus</span> <span class='ocrx_word' id='word_1_35' title='bbox 1621 559 1694 605; x_wconf 79' lang='lat' dir='ltr'>ef-</span> 
     </span>
     <span class='ocr_line' id='line_1_6' title="bbox 287 636 1694 700; baseline 0 -18"><span class='ocrx_word' id='word_1_36' title='bbox 287 638 434 682; x_wconf 78' lang='lat' dir='ltr'>fectus</span> <span class='ocrx_word' id='word_1_37' title='bbox 467 647 512 682; x_wconf 85' lang='lat' dir='ltr'>et</span> <span class='ocrx_word' id='word_1_38' title='bbox 548 636 906 699; x_wconf 81' lang='lat' dir='ltr'>quodaminodo</span> <span class='ocrx_word' id='word_1_39' title='bbox 940 647 1291 697; x_wconf 75' lang='lat' dir='ltr'>consternatus,</span> <span class='ocrx_word' id='word_1_40' title='bbox 1327 637 1514 682; x_wconf 77' lang='lat' dir='ltr'>infitiari</span> <span class='ocrx_word' id='word_1_41' title='bbox 1552 637 1694 700; x_wconf 81' lang='lat' dir='ltr'>coepit</span> 
     </span>
     <span class='ocr_line' id='line_1_7' title="bbox 288 714 1694 777; baseline -0.001 -17"><span class='ocrx_word' id='word_1_42' title='bbox 288 714 419 777; x_wconf 86' lang='lat' dir='ltr'>quod</span> <span class='ocrx_word' id='word_1_43' title='bbox 452 714 729 776; x_wconf 88' lang='lat' dir='ltr'>hujusmodi</span> <span class='ocrx_word' id='word_1_44' title='bbox 757 714 816 759; x_wconf 82' lang='lat' dir='ltr'>ad</span> <span class='ocrx_word' id='word_1_45' title='bbox 846 732 894 760; x_wconf 86' lang='lat' dir='ltr'>se</span> <span class='ocrx_word' id='word_1_46' title='bbox 922 715 1083 760; x_wconf 80' lang='lat' dir='ltr'>litterae</span> <span class='ocrx_word' id='word_1_47' title='bbox 1109 716 1436 777; x_wconf 80' lang='lat' dir='ltr'>dirigerentur.</span> <span class='ocrx_word' id='word_1_48' title='bbox 1465 716 1571 770; x_wconf 88' lang='lat' dir='ltr'>Quo</span> <span class='ocrx_word' id='word_1_49' title='bbox 1608 729 1694 758; x_wconf 83' lang='lat' dir='ltr'>au-</span> 
     </span>
     <span class='ocr_line' id='line_1_8' title="bbox 291 790 1693 854; baseline 0 -18"><span class='ocrx_word' id='word_1_50' title='bbox 291 791 414 849; x_wconf 84' lang='lat' dir='ltr'>dito,</span> <span class='ocrx_word' id='word_1_51' title='bbox 454 792 608 836; x_wconf 87' lang='lat' dir='ltr'>statim</span> <span class='ocrx_word' id='word_1_52' title='bbox 646 791 734 835; x_wconf 87' lang='lat' dir='ltr'>sibi</span> <span class='ocrx_word' id='word_1_53' title='bbox 775 791 900 836; x_wconf 85' lang='lat' dir='ltr'>idem</span> <span class='ocrx_word' id='word_1_54' title='bbox 934 793 1164 838; x_wconf 79' lang='lat' dir='ltr'>Antonius</span> <span class='ocrx_word' id='word_1_55' title='bbox 1200 792 1315 837; x_wconf 75' lang='lat' dir='ltr'>dixit</span> <span class='ocrx_word' id='word_1_56' title='bbox 1351 791 1481 854; x_wconf 85' lang='lat' dir='ltr'>quod</span> <span class='ocrx_word' id='word_1_57' title='bbox 1516 790 1693 853; x_wconf 79' lang='lat' dir='ltr'>absque</span> 
     </span>
     <span class='ocr_line' id='line_1_9' title="bbox 291 867 1694 926; baseline -0.001 -13"><span class='ocrx_word' id='word_1_58' title='bbox 291 869 517 914; x_wconf 84' lang='lat' dir='ltr'>dilatione</span> <span class='ocrx_word' id='word_1_59' title='bbox 535 868 594 913; x_wconf 86' lang='lat' dir='ltr'>ad</span> <span class='ocrx_word' id='word_1_60' title='bbox 612 868 860 913; x_wconf 83' lang='lat' dir='ltr'>(lominum</span> <span class='ocrx_word' id='word_1_61' title='bbox 882 885 934 913; x_wconf 90' lang='lat' dir='ltr'>ac</span> <span class='ocrx_word' id='word_1_62' title='bbox 960 869 1147 914; x_wconf 86' lang='lat' dir='ltr'>fratrem</span> <span class='ocrx_word' id='word_1_63' title='bbox 1166 869 1588 926; x_wconf 80' lang='lat' dir='ltr'>suum,d‹)1ninu1n</span> <span class='ocrx_word' id='word_1_64' title='bbox 1608 867 1694 912; x_wconf 88' lang='lat' dir='ltr'>du-</span> 
     </span>
     <span class='ocr_line' id='line_1_10' title="bbox 290 945 1694 1008; baseline -0.002 -16"><span class='ocrx_word' id='word_1_65' title='bbox 290 963 419 1004; x_wconf 85' lang='lat' dir='ltr'>cem,</span> <span class='ocrx_word' id='word_1_66' title='bbox 443 962 519 990; x_wconf 85' lang='lat' dir='ltr'>eas</span> <span class='ocrx_word' id='word_1_67' title='bbox 545 945 794 1008; x_wconf 77' lang='lat' dir='ltr'>perferret,</span> <span class='ocrx_word' id='word_1_68' title='bbox 823 945 950 1008; x_wconf 82' lang='lat' dir='ltr'>apud</span> <span class='ocrx_word' id='word_1_69' title='bbox 972 962 1114 1007; x_wconf 85' lang='lat' dir='ltr'>quem</span> <span class='ocrx_word' id='word_1_70' title='bbox 1140 963 1219 991; x_wconf 90' lang='lat' dir='ltr'>seu</span> <span class='ocrx_word' id='word_1_71' title='bbox 1248 945 1391 991; x_wconf 89' lang='lat' dir='ltr'>alium</span> <span class='ocrx_word' id='word_1_72' title='bbox 1415 960 1694 1007; x_wconf 88' lang='lat' dir='ltr'>quemcum-</span> 
     </span>
     <span class='ocr_line' id='line_1_11' title="bbox 292 1021 1694 1085; baseline -0.001 -18"><span class='ocrx_word' id='word_1_73' title='bbox 292 1040 384 1085; x_wconf 85' lang='lat' dir='ltr'>que</span> <span class='ocrx_word' id='word_1_74' title='bbox 414 1022 545 1067; x_wconf 75' lang='lat' dir='ltr'>malae</span> <span class='ocrx_word' id='word_1_75' title='bbox 579 1023 858 1084; x_wconf 74' lang='lat' dir='ltr'>suspicionis</span> <span class='ocrx_word' id='word_1_76' title='bbox 889 1022 1149 1085; x_wconf 83' lang='lat' dir='ltr'>periculum</span> <span class='ocrx_word' id='word_1_77' title='bbox 1193 1023 1387 1067; x_wconf 86' lang='lat' dir='ltr'>minime</span> <span class='ocrx_word' id='word_1_78' title='bbox 1425 1021 1513 1066; x_wconf 89' lang='lat' dir='ltr'>sibi</span> <span class='ocrx_word' id='word_1_79' title='bbox 1544 1022 1694 1067; x_wconf 81' lang='lat' dir='ltr'>facere</span> 
     </span>
     <span class='ocr_line' id='line_1_12' title="bbox 292 1098 1689 1162; baseline -0.001 -17"><span class='ocrx_word' id='word_1_80' title='bbox 292 1100 451 1157; x_wconf 74' lang='lat' dir='ltr'>vellet3</span> <span class='ocrx_word' id='word_1_81' title='bbox 473 1100 771 1162; x_wconf 74' lang='lat' dir='ltr'>perrexitque</span> <span class='ocrx_word' id='word_1_82' title='bbox 798 1099 1112 1143; x_wconf 82' lang='lat' dir='ltr'>incontinenti</span> <span class='ocrx_word' id='word_1_83' title='bbox 1136 1108 1181 1143; x_wconf 86' lang='lat' dir='ltr'>et</span> <span class='ocrx_word' id='word_1_84' title='bbox 1202 1100 1302 1143; x_wconf 86' lang='lat' dir='ltr'>sine</span> <span class='ocrx_word' id='word_1_85' title='bbox 1325 1115 1459 1144; x_wconf 81' lang='lat' dir='ltr'>mora</span> <span class='ocrx_word' id='word_1_86' title='bbox 1482 1098 1541 1143; x_wconf 86' lang='lat' dir='ltr'>ad</span> <span class='ocrx_word' id='word_1_87' title='bbox 1565 1115 1689 1157; x_wconf 87' lang='lat' dir='ltr'>eum,</span> 
     </span>
     <span class='ocr_line' id='line_1_13' title="bbox 293 1174 1696 1239; baseline -0.001 -17"><span class='ocrx_word' id='word_1_88' title='bbox 293 1177 533 1239; x_wconf 84' lang='lat' dir='ltr'>dictasque</span> <span class='ocrx_word' id='word_1_89' title='bbox 572 1175 660 1221; x_wconf 87' lang='lat' dir='ltr'>sibi</span> <span class='ocrx_word' id='word_1_90' title='bbox 692 1175 867 1220; x_wconf 79' lang='lat' dir='ltr'>litteras</span> <span class='ocrx_word' id='word_1_91' title='bbox 902 1176 1222 1237; x_wconf 60' lang='lat' dir='ltr'>praesentavit,</span> <span class='ocrx_word' id='word_1_92' title='bbox 1258 1174 1598 1237; x_wconf 83' lang='lat' dir='ltr'>quomodoque</span> <span class='ocrx_word' id='word_1_93' title='bbox 1636 1175 1696 1221; x_wconf 82' lang='lat' dir='ltr'>ad</span> 
     </span>
     <span class='ocr_line' id='line_1_14' title="bbox 295 1251 1698 1314; baseline -0.001 -15"><span class='ocrx_word' id='word_1_94' title='bbox 295 1271 402 1300; x_wconf 88' lang='lat' dir='ltr'>cum</span> <span class='ocrx_word' id='word_1_95' title='bbox 425 1254 483 1299; x_wconf 87' lang='lat' dir='ltr'>de</span> <span class='ocrx_word' id='word_1_96' title='bbox 501 1270 643 1298; x_wconf 90' lang='lat' dir='ltr'>manu</span> <span class='ocrx_word' id='word_1_97' title='bbox 668 1253 826 1297; x_wconf 78' lang='lat' dir='ltr'>rustici</span> <span class='ocrx_word' id='word_1_98' title='bbox 844 1251 1086 1313; x_wconf 85' lang='lat' dir='ltr'>cujusdam</span> <span class='ocrx_word' id='word_1_99' title='bbox 1104 1252 1441 1314; x_wconf 73' lang='lat' dir='ltr'>pervenissent,</span> <span class='ocrx_word' id='word_1_100' title='bbox 1460 1261 1503 1297; x_wconf 91' lang='lat' dir='ltr'>et</span> <span class='ocrx_word' id='word_1_101' title='bbox 1520 1252 1698 1297; x_wconf 88' lang='lat' dir='ltr'>eisdem</span> 
     </span>
     <span class='ocr_line' id='line_1_15' title="bbox 295 1328 1697 1392; baseline -0.001 -17"><span class='ocrx_word' id='word_1_102' title='bbox 295 1346 321 1375; x_wconf 83' lang='lat' dir='ltr'>a</span> <span class='ocrx_word' id='word_1_103' title='bbox 345 1347 392 1375; x_wconf 84' lang='lat' dir='ltr'>se</span> <span class='ocrx_word' id='word_1_104' title='bbox 417 1330 543 1375; x_wconf 69' lang='lat' dir='ltr'>{ratri</span> <span class='ocrx_word' id='word_1_105' title='bbox 568 1346 652 1375; x_wconf 88' lang='lat' dir='ltr'>suo</span> <span class='ocrx_word' id='word_1_106' title='bbox 677 1329 906 1373; x_wconf 67' lang='lat' dir='ltr'>Baltluino</span> <span class='ocrx_word' id='word_1_107' title='bbox 931 1329 1146 1386; x_wconf 77' lang='lat' dir='ltr'>ostensis,</span> <span class='ocrx_word' id='word_1_108' title='bbox 1170 1328 1393 1374; x_wconf 80' lang='lat' dir='ltr'>infitiatus</span> <span class='ocrx_word' id='word_1_109' title='bbox 1416 1328 1576 1375; x_wconf 84' lang='lat' dir='ltr'>suisset</span> <span class='ocrx_word' id='word_1_110' title='bbox 1598 1329 1697 1392; x_wconf 86' lang='lat' dir='ltr'>ipse</span> 
     </span>
     <span class='ocr_line' id='line_1_16' title="bbox 295 1405 1532 1468; baseline 0 -17"><span class='ocrx_word' id='word_1_111' title='bbox 295 1423 371 1452; x_wconf 82' lang='lat' dir='ltr'>eas</span> <span class='ocrx_word' id='word_1_112' title='bbox 397 1407 452 1452; x_wconf 86' lang='lat' dir='ltr'>ad</span> <span class='ocrx_word' id='word_1_113' title='bbox 479 1424 525 1451; x_wconf 87' lang='lat' dir='ltr'>se</span> <span class='ocrx_word' id='word_1_114' title='bbox 548 1407 741 1468; x_wconf 85' lang='lat' dir='ltr'>scriptas</span> <span class='ocrx_word' id='word_1_115' title='bbox 768 1406 882 1462; x_wconf 80' lang='lat' dir='ltr'>fore,</span> <span class='ocrx_word' id='word_1_116' title='bbox 913 1421 994 1468; x_wconf 74' lang='lat' dir='ltr'>per</span> <span class='ocrx_word' id='word_1_117' title='bbox 1017 1405 1234 1451; x_wconf 86' lang='lat' dir='ltr'>ordinem</span> <span class='ocrx_word' id='word_1_118' title='bbox 1258 1407 1532 1452; x_wconf 74' lang='lat' dir='ltr'>enarravit¹.</span> 
     </span>
    </p>

    <p class='ocr_par' dir='ltr' id='par_1_3' title="bbox 296 1482 1706 2543">
     <span class='ocr_line' id='line_1_17' title="bbox 363 1482 1697 1545; baseline -0.001 -17"><span class='ocrx_word' id='word_1_119' title='bbox 363 1483 544 1540; x_wconf 84' lang='lat' dir='ltr'>Quibus</span> <span class='ocrx_word' id='word_1_120' title='bbox 569 1483 724 1538; x_wconf 76' lang='lat' dir='ltr'>lectis⁷</span> <span class='ocrx_word' id='word_1_121' title='bbox 752 1482 976 1527; x_wconf 84' lang='lat' dir='ltr'>dominus</span> <span class='ocrx_word' id='word_1_122' title='bbox 1000 1482 1112 1541; x_wconf 78' lang='lat' dir='ltr'>dux,</span> <span class='ocrx_word' id='word_1_123' title='bbox 1139 1484 1469 1545; x_wconf 71' lang='lat' dir='ltr'>mysteriorum</span> <span class='ocrx_word' id='word_1_124' title='bbox 1494 1482 1586 1527; x_wconf 84' lang='lat' dir='ltr'>illic</span> <span class='ocrx_word' id='word_1_125' title='bbox 1610 1482 1697 1527; x_wconf 91' lang='lat' dir='ltr'>ob-</span> 
     </span>
     <span class='ocr_line' id='line_1_18' title="bbox 300 1558 1697 1621; baseline -0.001 -16"><span class='ocrx_word' id='word_1_126' title='bbox 300 1570 530 1605; x_wconf 86' lang='lat' dir='ltr'>tectorum</span> <span class='ocrx_word' id='word_1_127' title='bbox 556 1558 870 1604; x_wconf 76' lang='lat' dir='ltr'>admiratione</span> <span class='ocrx_word' id='word_1_128' title='bbox 894 1569 1153 1621; x_wconf 81' lang='lat' dir='ltr'>permotus,</span> <span class='ocrx_word' id='word_1_129' title='bbox 1181 1560 1335 1605; x_wconf 82' lang='lat' dir='ltr'>statim</span> <span class='ocrx_word' id='word_1_130' title='bbox 1359 1558 1581 1604; x_wconf 86' lang='lat' dir='ltr'>eumdem</span> <span class='ocrx_word' id='word_1_131' title='bbox 1607 1559 1697 1604; x_wconf 85' lang='lat' dir='ltr'>fra-</span> 
     </span>
     <span class='ocr_line' id='line_1_19' title="bbox 299 1635 1698 1699; baseline -0.001 -17"><span class='ocrx_word' id='word_1_132' title='bbox 299 1647 416 1682; x_wconf 87' lang='lat' dir='ltr'>trem</span> <span class='ocrx_word' id='word_1_133' title='bbox 463 1653 600 1681; x_wconf 87' lang='lat' dir='ltr'>snum</span> <span class='ocrx_word' id='word_1_134' title='bbox 650 1635 910 1680; x_wconf 81' lang='lat' dir='ltr'>naturalem</span> <span class='ocrx_word' id='word_1_135' title='bbox 955 1638 1212 1681; x_wconf 73' lang='lat' dir='ltr'>Antonium</span> <span class='ocrx_word' id='word_1_136' title='bbox 1256 1637 1560 1699; x_wconf 82' lang='lat' dir='ltr'>interrogavit</span> <span class='ocrx_word' id='word_1_137' title='bbox 1582 1673 1593 1695; x_wconf 70' lang='lat'>7</span> <span class='ocrx_word' id='word_1_138' title='bbox 1640 1652 1698 1682; x_wconf 85' lang='lat' dir='ltr'>an</span> 
     </span>
     <span class='ocr_line' id='line_1_20' title="bbox 297 1712 1701 1777; baseline -0.001 -18"><span class='ocrx_word' id='word_1_139' title='bbox 297 1715 522 1759; x_wconf 86' lang='lat' dir='ltr'>rusticum</span> <span class='ocrx_word' id='word_1_140' title='bbox 559 1714 605 1757; x_wconf 93' lang='lat' dir='ltr'>in</span> <span class='ocrx_word' id='word_1_141' title='bbox 647 1712 826 1775; x_wconf 79' lang='lat' dir='ltr'>Oppido</span> <span class='ocrx_word' id='word_1_142' title='bbox 864 1713 1072 1758; x_wconf 59' lang='lat' dir='ltr'>invenire</span> <span class='ocrx_word' id='word_1_143' title='bbox 1107 1723 1284 1777; x_wconf 71' lang='lat' dir='ltr'>posset,</span> <span class='ocrx_word' id='word_1_144' title='bbox 1311 1724 1356 1759; x_wconf 87' lang='lat' dir='ltr'>et</span> <span class='ocrx_word' id='word_1_145' title='bbox 1384 1714 1420 1758; x_wconf 88' lang='lat' dir='ltr'>si</span> <span class='ocrx_word' id='word_1_146' title='bbox 1456 1715 1701 1758; x_wconf 79' lang='lat' dir='ltr'>inventum</span> 
     </span>
     <span class='ocr_line' id='line_1_21' title="bbox 296 1789 1701 1853; baseline -0.001 -18"><span class='ocrx_word' id='word_1_147' title='bbox 296 1799 671 1852; x_wconf 79' lang='lat' dir='ltr'>recognosceret.</span> <span class='ocrx_word' id='word_1_148' title='bbox 715 1789 808 1844; x_wconf 83' lang='lat' dir='ltr'>Qui</span> <span class='ocrx_word' id='word_1_149' title='bbox 845 1806 894 1834; x_wconf 91' lang='lat' dir='ltr'>se</span> <span class='ocrx_word' id='word_1_150' title='bbox 930 1789 992 1834; x_wconf 83' lang='lat' dir='ltr'>ita</span> <span class='ocrx_word' id='word_1_151' title='bbox 1027 1789 1217 1835; x_wconf 83' lang='lat' dir='ltr'>credere</span> <span class='ocrx_word' id='word_1_152' title='bbox 1253 1789 1522 1853; x_wconf 80' lang='lat' dir='ltr'>respondi13</span> <span class='ocrx_word' id='word_1_153' title='bbox 1561 1797 1701 1851; x_wconf 84' lang='lat' dir='ltr'>atque</span> 
     </span>
     <span class='ocr_line' id='line_1_22' title="bbox 296 1865 1701 1928; baseline -0.001 -17"><span class='ocrx_word' id='word_1_154' title='bbox 296 1866 612 1911; x_wconf 87' lang='lat' dir='ltr'>incontinenti</span> <span class='ocrx_word' id='word_1_155' title='bbox 641 1865 699 1910; x_wconf 86' lang='lat' dir='ltr'>dc</span> <span class='ocrx_word' id='word_1_156' title='bbox 729 1881 784 1910; x_wconf 89' lang='lat' dir='ltr'>eo</span> <span class='ocrx_word' id='word_1_157' title='bbox 812 1866 1133 1928; x_wconf 81' lang='lat' dir='ltr'>perquirendo</span> <span class='ocrx_word' id='word_1_158' title='bbox 1166 1877 1211 1912; x_wconf 87' lang='lat' dir='ltr'>et</span> <span class='ocrx_word' id='word_1_159' title='bbox 1245 1866 1529 1912; x_wconf 60' lang='lat' dir='ltr'>inxeniendo</span> <span class='ocrx_word' id='word_1_160' title='bbox 1564 1881 1701 1911; x_wconf 82' lang='lat' dir='ltr'>exac—</span> 
     </span>
     <span class='ocr_line' id='line_1_23' title="bbox 297 1941 1702 2006; baseline -0.001 -18"><span class='ocrx_word' id='word_1_161' title='bbox 297 1953 392 1988; x_wconf 83' lang='lat' dir='ltr'>tam</span> <span class='ocrx_word' id='word_1_162' title='bbox 433 1960 596 1988; x_wconf 84' lang='lat' dir='ltr'>curam</span> <span class='ocrx_word' id='word_1_163' title='bbox 632 1942 869 2006; x_wconf 57' lang='lat' dir='ltr'>priestitit,</span> <span class='ocrx_word' id='word_1_164' title='bbox 909 1943 973 1987; x_wconf 87' lang='lat' dir='ltr'>sic</span> <span class='ocrx_word' id='word_1_165' title='bbox 1010 1944 1140 2005; x_wconf 84' lang='lat' dir='ltr'>quod</span> <span class='ocrx_word' id='word_1_166' title='bbox 1174 1960 1285 1989; x_wconf 85' lang='lat' dir='ltr'>eum</span> <span class='ocrx_word' id='word_1_167' title='bbox 1321 1960 1418 1988; x_wconf 88' lang='lat' dir='ltr'>non</span> <span class='ocrx_word' id='word_1_168' title='bbox 1454 1941 1702 1988; x_wconf 78' lang='lat' dir='ltr'>difficulter</span> 
     </span>
     <span class='ocr_line' id='line_1_24' title="bbox 297 2018 1703 2078; baseline 0 -15"><span class='ocrx_word' id='word_1_169' title='bbox 297 2021 498 2078; x_wconf 70' lang='lat' dir='ltr'>invenit,</span> <span class='ocrx_word' id='word_1_170' title='bbox 526 2030 571 2066; x_wconf 85' lang='lat' dir='ltr'>et</span> <span class='ocrx_word' id='word_1_171' title='bbox 610 2021 855 2065; x_wconf 69' lang='lat' dir='ltr'>inventum</span> <span class='ocrx_word' id='word_1_172' title='bbox 892 2019 1016 2064; x_wconf 88' lang='lat' dir='ltr'>illico</span> <span class='ocrx_word' id='word_1_173' title='bbox 1053 2020 1109 2065; x_wconf 85' lang='lat' dir='ltr'>ad</span> <span class='ocrx_word' id='word_1_174' title='bbox 1146 2021 1398 2066; x_wconf 88' lang='lat' dir='ltr'>dominum</span> <span class='ocrx_word' id='word_1_175' title='bbox 1423 2020 1590 2065; x_wconf 87' lang='lat' dir='ltr'>ducem</span> <span class='ocrx_word' id='word_1_176' title='bbox 1619 2018 1703 2063; x_wconf 85' lang='lat' dir='ltr'>ad-</span> 
     </span>
     <span class='ocr_line' id='line_1_25' title="bbox 298 2095 1703 2159; baseline 0.001 -20"><span class='ocrx_word' id='word_1_177' title='bbox 298 2095 445 2142; x_wconf 80' lang='lat' dir='ltr'>duxit.</span> <span class='ocrx_word' id='word_1_178' title='bbox 472 2100 504 2141; x_wconf 87' lang='grc' dir='ltr'>Α</span> <span class='ocrx_word' id='word_1_179' title='bbox 531 2114 628 2159; x_wconf 90' lang='lat' dir='ltr'>quo</span> <span class='ocrx_word' id='word_1_180' title='bbox 662 2097 977 2157; x_wconf 75' lang='lat' dir='ltr'>interrogatus</span> <span class='ocrx_word' id='word_1_181' title='bbox 1015 2097 1142 2142; x_wconf 87' lang='lat' dir='ltr'>unde</span> <span class='ocrx_word' id='word_1_182' title='bbox 1172 2097 1498 2159; x_wconf 82' lang='lat' dir='ltr'>hujuscemodi</span> <span class='ocrx_word' id='word_1_183' title='bbox 1529 2096 1703 2141; x_wconf 82' lang='lat' dir='ltr'>litteras</span> 
     </span>
     <span class='ocr_line' id='line_1_26' title="bbox 301 2172 1703 2238; baseline 0.001 -22"><span class='ocrx_word' id='word_1_184' title='bbox 301 2172 556 2231; x_wconf 79' lang='lat' dir='ltr'>habuisset,</span> <span class='ocrx_word' id='word_1_185' title='bbox 581 2176 822 2238; x_wconf 74' lang='lat' dir='ltr'>respondit</span> <span class='ocrx_word' id='word_1_186' title='bbox 848 2191 873 2219; x_wconf 84' lang='lat' dir='ltr'>a</span> <span class='ocrx_word' id='word_1_187' title='bbox 901 2174 1110 2237; x_wconf 85' lang='lat' dir='ltr'>quodam</span> <span class='ocrx_word' id='word_1_188' title='bbox 1138 2175 1349 2235; x_wconf 77' lang='lat' dir='ltr'>homine,</span> <span class='ocrx_word' id='word_1_189' title='bbox 1379 2191 1475 2220; x_wconf 88' lang='lat' dir='ltr'>non</span> <span class='ocrx_word' id='word_1_190' title='bbox 1502 2174 1703 2219; x_wconf 90' lang='lat' dir='ltr'>multum</span> 
     </span>
     <span class='ocr_line' id='line_1_27' title="bbox 300 2252 1698 2315; baseline 0.001 -21"><span class='ocrx_word' id='word_1_191' title='bbox 300 2262 478 2296; x_wconf 83' lang='lat' dir='ltr'>remote</span> <span class='ocrx_word' id='word_1_192' title='bbox 508 2252 565 2296; x_wconf 81' lang='lat' dir='ltr'>ab</span> <span class='ocrx_word' id='word_1_193' title='bbox 592 2253 801 2315; x_wconf 74' lang='lat' dir='ltr'>oppido,</span> <span class='ocrx_word' id='word_1_194' title='bbox 830 2268 906 2297; x_wconf 80' lang='lat' dir='ltr'>eas</span> <span class='ocrx_word' id='word_1_195' title='bbox 933 2252 1044 2310; x_wconf 80' lang='lat' dir='ltr'>sibi,</span> <span class='ocrx_word' id='word_1_196' title='bbox 1076 2263 1124 2297; x_wconf 88' lang='lat' dir='ltr'>ut</span> <span class='ocrx_word' id='word_1_197' title='bbox 1150 2253 1209 2298; x_wconf 83' lang='lat' dir='ltr'>ad</span> <span class='ocrx_word' id='word_1_198' title='bbox 1243 2253 1491 2298; x_wconf 84' lang='lat' dir='ltr'>dominum</span> <span class='ocrx_word' id='word_1_199' title='bbox 1522 2256 1698 2297; x_wconf 77' lang='lat' dir='ltr'>Bastar-</span> 
     </span>
     <span class='ocr_line' id='line_1_28' title="bbox 300 2327 1706 2391; baseline 0.002 -20"><span class='ocrx_word' id='word_1_200' title='bbox 300 2327 414 2371; x_wconf 79' lang='lat' dir='ltr'>duni</span> <span class='ocrx_word' id='word_1_201' title='bbox 440 2327 635 2373; x_wconf 66' lang='lat' dir='ltr'>deferret</span> <span class='ocrx_word' id='word_1_202' title='bbox 655 2366 665 2385; x_wconf 77' lang='lat'>,</span> <span class='ocrx_word' id='word_1_203' title='bbox 691 2330 825 2375; x_wconf 78' lang='lat' dir='ltr'>fuisse</span> <span class='ocrx_word' id='word_1_204' title='bbox 848 2329 1063 2386; x_wconf 79' lang='lat' dir='ltr'>traditas,</span> <span class='ocrx_word' id='word_1_205' title='bbox 1089 2331 1169 2391; x_wconf 86' lang='lat' dir='ltr'>qui</span> <span class='ocrx_word' id='word_1_206' title='bbox 1194 2347 1303 2375; x_wconf 81' lang='lat' dir='ltr'>cuin</span> <span class='ocrx_word' id='word_1_207' title='bbox 1327 2331 1560 2375; x_wconf 84' lang='lat' dir='ltr'>celeritate</span> <span class='ocrx_word' id='word_1_208' title='bbox 1584 2344 1706 2374; x_wconf 83' lang='lat' dir='ltr'>asse-</span> 
     </span>
     <span class='ocr_line' id='line_1_29' title="bbox 300 2402 1705 2468; baseline 0.003 -23"><span class='ocrx_word' id='word_1_209' title='bbox 300 2402 429 2447; x_wconf 80' lang='lat' dir='ltr'>rebat</span> <span class='ocrx_word' id='word_1_210' title='bbox 454 2420 502 2448; x_wconf 85' lang='lat' dir='ltr'>se</span> <span class='ocrx_word' id='word_1_211' title='bbox 527 2403 584 2447; x_wconf 83' lang='lat' dir='ltr'>ad</span> <span class='ocrx_word' id='word_1_212' title='bbox 609 2405 1156 2450; x_wconf 67' lang='lat' dir='ltr'>Sanctuiii-Otlomarutn</span> <span class='ocrx_word' id='word_1_213' title='bbox 1182 2406 1352 2451; x_wconf 84' lang='lat' dir='ltr'>babere</span> <span class='ocrx_word' id='word_1_214' title='bbox 1377 2422 1563 2451; x_wconf 83' lang='lat' dir='ltr'>necesse</span> <span class='ocrx_word' id='word_1_215' title='bbox 1596 2421 1705 2468; x_wconf 86' lang='lat' dir='ltr'>pro-</span> 
     </span>
     <span class='ocr_line' id='line_1_30' title="bbox 302 2480 1704 2543; baseline 0.001 -19"><span class='ocrx_word' id='word_1_216' title='bbox 302 2480 440 2525; x_wconf 83' lang='lat' dir='ltr'>ficisci</span> <span class='ocrx_word' id='word_1_217' title='bbox 467 2516 478 2538; x_wconf 84' lang='lat'>,</span> <span class='ocrx_word' id='word_1_218' title='bbox 527 2490 571 2525; x_wconf 84' lang='lat' dir='ltr'>et</span> <span class='ocrx_word' id='word_1_219' title='bbox 624 2491 873 2543; x_wconf 77' lang='lat' dir='ltr'>propterea</span> <span class='ocrx_word' id='word_1_220' title='bbox 922 2483 1180 2528; x_wconf 82' lang='lat' dir='ltr'>llesdinum</span> <span class='ocrx_word' id='word_1_221' title='bbox 1236 2493 1349 2528; x_wconf 88' lang='lat' dir='ltr'>tunc</span> <span class='ocrx_word' id='word_1_222' title='bbox 1397 2484 1552 2528; x_wconf 72' lang='lat' dir='ltr'>venire</span> <span class='ocrx_word' id='word_1_223' title='bbox 1608 2497 1704 2526; x_wconf 86' lang='lat' dir='ltr'>non</span> 
     </span>
    </p>
   </div>
   <div class='ocr_carea' id='block_1_3' title="bbox 302 2604 1706 2763">
    <p class='ocr_par' dir='ltr' id='par_1_4' title="bbox 302 2604 1706 2763">
     <span class='ocr_line' id='line_1_31' title="bbox 354 2604 1706 2656; baseline 0 -16"><span class='ocrx_word' id='word_1_224' title='bbox 354 2609 391 2644; x_wconf 70' lang='lat' dir='ltr'>ll.</span> <span class='ocrx_word' id='word_1_225' title='bbox 422 2608 526 2642; x_wconf 81' lang='lat' dir='ltr'>Cette</span> <span class='ocrx_word' id='word_1_226' title='bbox 543 2604 668 2652; x_wconf 70' lang='lat' dir='ltr'>loyale</span> <span class='ocrx_word' id='word_1_227' title='bbox 689 2604 865 2640; x_wconf 84' lang='lat' dir='ltr'>conduitc</span> <span class='ocrx_word' id='word_1_228' title='bbox 890 2604 939 2641; x_wconf 86' lang='lat' dir='ltr'>du</span> <span class='ocrx_word' id='word_1_229' title='bbox 964 2606 1249 2642; x_wconf 69' lang='lat' dir='ltr'>Grand-batard</span> <span class='ocrx_word' id='word_1_230' title='bbox 1271 2606 1318 2642; x_wconf 90' lang='lat' dir='ltr'>de</span> <span class='ocrx_word' id='word_1_231' title='bbox 1337 2609 1564 2656; x_wconf 72' lang='lat' dir='ltr'>Bourgogne</span> <span class='ocrx_word' id='word_1_232' title='bbox 1582 2607 1706 2642; x_wconf 80' lang='lat' dir='ltr'>n’ein-</span> 
     </span>
     <span class='ocr_line' id='line_1_32' title="bbox 303 2663 1705 2715; baseline -0.001 -14"><span class='ocrx_word' id='word_1_233' title='bbox 303 2665 420 2715; x_wconf 60' lang='lat' dir='ltr'>poclm</span> <span class='ocrx_word' id='word_1_234' title='bbox 439 2678 503 2714; x_wconf 74' lang='lat' dir='ltr'>pas</span> <span class='ocrx_word' id='word_1_235' title='bbox 520 2666 554 2701; x_wconf 79' lang='lat' dir='ltr'>le</span> <span class='ocrx_word' id='word_1_236' title='bbox 571 2664 644 2700; x_wconf 68' lang='lat' dir='ltr'>&lt;luc</span> <span class='ocrx_word' id='word_1_237' title='bbox 662 2663 829 2700; x_wconf 74' lang='lat' dir='ltr'>d&#39;entrer</span> <span class='ocrx_word' id='word_1_238' title='bbox 849 2677 896 2700; x_wconf 83' lang='lat' dir='ltr'>en</span> <span class='ocrx_word' id='word_1_239' title='bbox 917 2677 1086 2714; x_wconf 58' lang='lat' dir='ltr'>souptgon</span> <span class='ocrx_word' id='word_1_240' title='bbox 1107 2674 1236 2701; x_wconf 81' lang='lat' dir='ltr'>contre</span> <span class='ocrx_word' id='word_1_241' title='bbox 1253 2665 1320 2702; x_wconf 91' lang='lat' dir='ltr'>lui.</span> <span class='ocrx_word' id='word_1_242' title='bbox 1340 2665 1567 2711; x_wconf 65' lang='lat' dir='ltr'>Conmfines,</span> <span class='ocrx_word' id='word_1_243' title='bbox 1591 2664 1616 2700; x_wconf 89' lang='lat' dir='ltr'>l.</span> <span class='ocrx_word' id='word_1_244' title='bbox 1635 2665 1705 2710; x_wconf 86' lang='grc' dir='ltr'>ΙΙΙ,</span> 
     </span>
     <span class='ocr_line' id='line_1_33' title="bbox 302 2738 399 2763; baseline -0.01 -3"><span class='ocrx_word' id='word_1_245' title='bbox 302 2738 334 2763; x_wconf 75' lang='lat' dir='ltr'>C.</span> <span class='ocrx_word' id='word_1_246' title='bbox 359 2738 399 2759; x_wconf 89' lang='lat'>11.</span> 
     </span>
    </p>
   </div>
  </div>
 </body>
</html>
