1923 3020
273 296 348 332 408
631 295 970 331 HISTORIARUM
997 294 1231 330 LUDOVICI
1257 296 1313 330 XI

272 403 316 439 et
341 395 387 439 in
416 404 481 439 tot
507 392 710 437 adversis
733 407 786 436 ac
810 408 940 454 paene
962 391 1217 454 desperatis
1242 391 1403 449 rebus,
1430 403 1524 439 tam
1547 397 1671 456 geni-

270 472 356 517 tori
391 487 476 514 suo
513 484 654 530 quam
685 468 798 527 sibi,
835 469 932 514 visa
967 469 1111 515 fuerat
1136 480 1180 514 et
1210 471 1463 515 manifestis
1488 471 1670 519 indiciis

266 544 573 607 comprobata
608 544 831 601 adfuisse,
874 555 950 600 ut,
991 562 1088 589 non
1127 545 1346 591 humanis
1381 547 1557 593 viribus
1589 559 1668 595 aut

266 622 519 677 industria,
547 620 628 666 sed
649 621 792 666 solius
818 622 900 668 Dei
926 622 1225 667 miseratione
1248 632 1292 667 ct
1321 623 1566 670 clementia
1598 642 1669 671 res

266 698 384 743 illius
409 697 580 742 domus
604 714 629 742 a
649 698 785 742 variis
805 698 1208 761 periculosissimis
1232 708 1370 760 atque
1392 700 1669 747 formidolo-

262 774 321 818 sis
345 773 725 837 tempestatibus,
747 791 846 819 non
871 774 1018 819 modo
1040 784 1259 837 protectae
1280 785 1324 820 et
1347 787 1536 822 servatae
1552 815 1562 833 ,
1583 795 1667 823 ve-

260 867 362 895 rum
389 851 528 895 etiam
552 850 761 897 adauctae
786 861 830 896 et
855 850 1160 913 magnificatae
1181 862 1499 898 cernerentur.
1532 856 1667 916 Atqui

260 942 413 990 operte
451 928 651 990 pretium
688 927 958 985 videbatur,
988 938 1062 986 ut,
1098 925 1205 973 cum
1238 929 1456 993 princeps
1486 931 1584 994 ipsc
1621 932 1666 976 in

258 1003 437 1067 oppido
462 1003 744 1060 Mechliniae,
773 1021 860 1067 pro
886 1004 1108 1049 omnibus
1133 1005 1225 1050 suis
1251 1005 1548 1051 inferioribus
1573 1017 1664 1052 ter—

255 1082 333 1138 ris,
356 1083 481 1145 regio
500 1099 649 1139 more,
671 1099 905 1127 summam
931 1083 1126 1138 curiam,
1147 1099 1290 1144 quam
1319 1083 1664 1129 Parlamentum

255 1158 578 1221 appellabant,
605 1159 790 1203 noviter
813 1160 1075 1215 erexissefl,
1103 1159 1342 1203 commissi
1366 1159 1425 1203 ad
1448 1160 1665 1221 hujusce-

256 1235 385 1280 modi
408 1235 587 1281 curiam
608 1235 886 1293 tenendam,
911 1252 969 1280 ne
991 1235 1087 1280 otio
1110 1244 1187 1280 aut
1208 1245 1400 1298 torpore
1418 1235 1533 1280 nihil
1552 1238 1664 1282 novi

255 1313 300 1357 in
327 1312 525 1375 patriam
549 1312 776 1357 invexisse
801 1321 1097 1374 putarentur,
1133 1311 1252 1356 illius
1282 1312 1479 1356 novitati
1509 1312 1665 1358 Parla-

253 1389 399 1433 menti
429 1388 570 1433 etiam
598 1388 722 1433 hanc
757 1388 1092 1451 importarent,
1116 1397 1167 1432 ut
1199 1404 1223 1432 e
1254 1405 1401 1449 regno
1430 1389 1659 1447 Franciae,

254 1467 301 1511 in
337 1483 433 1528 quo
463 1467 571 1511 satis
608 1465 809 1510 infausto
843 1465 1030 1520 omine,
1054 1466 1150 1527 jam
1190 1481 1217 1510 a
1246 1465 1390 1527 longo
1424 1475 1660 1528 tempore,

254 1541 355 1587 talis
388 1542 582 1588 inolevit
612 1542 854 1604 iniquitas,
888 1542 934 1586 in
974 1541 1299 1586 Brabantiam²
1324 1552 1368 1586 et
1392 1541 1502 1586 alias
1528 1542 1665 1604 adja-

253 1629 410 1665 centes
452 1619 718 1682 provincias
753 1618 1073 1664 advectarent.
1113 1622 1260 1663 Porro
1296 1618 1331 1662 si
1371 1628 1415 1664 et
1446 1619 1664 1682 princeps

253 1705 297 1741 et
333 1696 444 1758 ipsi,
474 1696 553 1758 qui
583 1696 681 1757 ejus
718 1695 897 1741 dictum
923 1695 1157 1741 faciebant
1182 1694 1550 1750 Parlarnentum,
1578 1696 1662 1741 ad-

253 1773 497 1817 vertissent
533 1772 811 1835 prudenter,
839 1772 992 1836 quod,
1023 1773 1412 1835 quotiescumque
1441 1772 1518 1817 illa
1545 1773 1663 1835 inju-

253 1850 322 1894 ria
367 1849 616 1895 adversum
653 1850 738 1895 Dei
775 1850 991 1896 ecclesias
1033 1851 1078 1895 in
1119 1866 1265 1911 regno
1305 1849 1508 1895 Franciae
1550 1866 1662 1912 prae-

253 1936 441 1990 sumpta
476 1936 522 1972 et
559 1927 847 1972 exsecutioni
884 1927 1053 1973 tradita
1088 1926 1198 1985 suit,
1235 1943 1479 1988 nunquam
1518 1927 1661 1972 ferme

254 2002 379 2048 illam
426 2003 618 2049 inultam
659 2021 855 2051 censura
896 2005 1055 2049 divina
1094 2003 1223 2048 abire
1266 2004 1498 2066 permisit,
1544 2004 1657 2065 quin

254 2079 408 2126 clades
445 2081 513 2126 vel
547 2082 786 2127 calamitas
819 2081 972 2144 aliqua
1008 2081 1200 2141 insignis
1226 2081 1318 2141 regi
1352 2091 1432 2126 aut
1465 2098 1610 2143 regno
1635 2097 1660 2125 e

255 2158 447 2218 vestigio
490 2160 785 2222 provenerit,
831 2158 1144 2204 verisimiliter
1179 2158 1368 2203 consilia
1412 2160 1456 2204 in
1494 2158 1660 2204 melius

254 2245 646 2293 commutassent,
675 2246 815 2299 atque
840 2235 898 2280 al)
935 2235 1263 2297 hujuscemodi
1300 2234 1475 2280 nefaria
1511 2235 1658 2280 indic-

255 2308 384 2355 tione
409 2311 763 2359 abstentassent.

317 2386 408 2431 Sed
429 2397 471 2431 et
491 2404 585 2432 non
607 2391 761 2435 minus
778 2390 943 2452 vulgus
960 2388 1081 2434 tertii
1098 2398 1237 2450 atque
1257 2388 1488 2434 inferioris
1505 2390 1658 2434 Status

252 2527 374 2563 statim
396 2527 645 2577 obligationes
667 2540 701 2566 ct
721 2531 975 2582 chirographa
995 2531 1171 2576 rescidit,
1194 2530 1333 2568 tributa
1353 2531 1464 2567 etiam
1485 2530 1656 2568 nondum

253 2584 375 2622 levata
404 2588 615 2633 remittens,
638 2601 714 2636 quo
737 2590 825 2625 cleri
857 2599 893 2627 et
923 2590 1053 2640 populi
1074 2590 1243 2627 savorem
1272 2589 1343 2626 sibi
1373 2590 1605 2627 conciliaret.
1633 2605 1651 2623 ι)

253 2647 417 2682 Historia
437 2649 696 2696 Epixcnjmrum
721 2651 1058 2695 Ultrajvctensium‚
1085 2664 1120 2699 p.
1146 2652 1236 2685 8295.

306 2707 342 2742 1.
379 2708 432 2740 Au
457 2706 549 2742 mois
571 2706 616 2743 (le
632 2707 782 2753 janvicr
806 2710 921 2746 1474.

303 2765 339 2800 2.
374 2765 598 2801 Brabann'as
617 2765 710 2802 dans
727 2766 761 2802 le
782 2778 851 2802 ms.
