<?xml version="1.0" encoding="UTF-8"?>
<!DOCTYPE html PUBLIC "-//W3C//DTD XHTML 1.0 Transitional//EN"
    "http://www.w3.org/TR/xhtml1/DTD/xhtml1-transitional.dtd">
<html xmlns="http://www.w3.org/1999/xhtml" xml:lang="en" lang="en">
 <head>
  <title>
</title>
<meta http-equiv="Content-Type" content="text/html;charset=utf-8" />
  <meta name='ocr-system' content='tesseract 3.04.00' />
  <meta name='ocr-capabilities' content='ocr_page ocr_carea ocr_par ocr_line ocrx_word'/>
</head>
<body>
  <div class='ocr_page' id='page_1' title='image "./histoiredesrgn02basi_0272.png"; bbox 0 0 1923 3020; ppageno 0'>
   <div class='ocr_carea' id='block_1_1' title="bbox 289 243 1336 283">
    <p class='ocr_par' dir='ltr' id='par_1_1' title="bbox 289 243 1336 283">
     <span class='ocr_line' id='line_1_1' title="bbox 289 243 1336 283; baseline -0.004 -1"><span class='ocrx_word' id='word_1_1' title='bbox 289 249 363 283; x_wconf 71' lang='lat'>192</span> <span class='ocrx_word' id='word_1_2' title='bbox 654 243 991 281; x_wconf 84' lang='lat' dir='ltr'>HISTORIARUM</span> <span class='ocrx_word' id='word_1_3' title='bbox 1020 243 1253 279; x_wconf 80' lang='lat' dir='ltr'><strong>LUDOVICI</strong></span> <span class='ocrx_word' id='word_1_4' title='bbox 1281 245 1336 278; x_wconf 86' lang='lat' dir='ltr'>XI</span> 
     </span>
    </p>
   </div>
   <div class='ocr_carea' id='block_1_2' title="bbox 278 329 1695 2794">
    <p class='ocr_par' dir='ltr' id='par_1_2' title="bbox 283 329 1695 858">
     <span class='ocr_line' id='line_1_2' title="bbox 290 329 1694 392; baseline -0.001 -13"><span class='ocrx_word' id='word_1_5' title='bbox 290 334 543 379; x_wconf 81' lang='lat' dir='ltr'>fidelissimi</span> <span class='ocrx_word' id='word_1_6' title='bbox 580 330 758 392; x_wconf 81' lang='lat' dir='ltr'>absque</span> <span class='ocrx_word' id='word_1_7' title='bbox 791 329 951 391; x_wconf 87' lang='lat' dir='ltr'>aliquo</span> <span class='ocrx_word' id='word_1_8' title='bbox 990 346 1156 374; x_wconf 86' lang='lat' dir='ltr'>eorum</span> <span class='ocrx_word' id='word_1_9' title='bbox 1196 338 1389 392; x_wconf 87' lang='lat' dir='ltr'>sumptu</span> <span class='ocrx_word' id='word_1_10' title='bbox 1425 330 1694 378; x_wconf 74' lang='lat' dir='ltr'>exstiterant</span> 
     </span>
     <span class='ocr_line' id='line_1_3' title="bbox 286 406 1693 475; baseline -0.001 -19"><span class='ocrx_word' id='word_1_11' title='bbox 286 428 370 475; x_wconf 88' lang='lat' dir='ltr'>per</span> <span class='ocrx_word' id='word_1_12' title='bbox 395 426 544 455; x_wconf 90' lang='lat' dir='ltr'>annos</span> <span class='ocrx_word' id='word_1_13' title='bbox 571 409 824 472; x_wconf 84' lang='lat' dir='ltr'>plurimos,</span> <span class='ocrx_word' id='word_1_14' title='bbox 859 407 1014 452; x_wconf 84' lang='lat' dir='ltr'>donec</span> <span class='ocrx_word' id='word_1_15' title='bbox 1038 407 1149 470; x_wconf 89' lang='lat' dir='ltr'>ipsi,</span> <span class='ocrx_word' id='word_1_16' title='bbox 1188 406 1312 453; x_wconf 85' lang='lat' dir='ltr'>velut</span> <span class='ocrx_word' id='word_1_17' title='bbox 1343 406 1472 452; x_wconf 84' lang='lat' dir='ltr'>furiis</span> <span class='ocrx_word' id='word_1_18' title='bbox 1501 406 1693 469; x_wconf 87' lang='lat' dir='ltr'>quibus-</span> 
     </span>
     <span class='ocr_line' id='line_1_4' title="bbox 286 483 1695 549; baseline -0.002 -16"><span class='ocrx_word' id='word_1_19' title='bbox 286 489 395 533; x_wconf 93' lang='lat' dir='ltr'>dam</span> <span class='ocrx_word' id='word_1_20' title='bbox 423 486 605 547; x_wconf 78' lang='lat' dir='ltr'>agitati,</span> <span class='ocrx_word' id='word_1_21' title='bbox 633 495 678 531; x_wconf 87' lang='lat' dir='ltr'>et</span> <span class='ocrx_word' id='word_1_22' title='bbox 701 502 784 549; x_wconf 83' lang='lat' dir='ltr'>per</span> <span class='ocrx_word' id='word_1_23' title='bbox 808 501 966 547; x_wconf 83' lang='lat' dir='ltr'>regem</span> <span class='ocrx_word' id='word_1_24' title='bbox 989 487 1278 529; x_wconf 79' lang='lat' dir='ltr'>Francorum</span> <span class='ocrx_word' id='word_1_25' title='bbox 1298 484 1369 547; x_wconf 85' lang='lat' dir='ltr'>(ut</span> <span class='ocrx_word' id='word_1_26' title='bbox 1385 483 1628 546; x_wconf 83' lang='lat' dir='ltr'>jactabant</span> <span class='ocrx_word' id='word_1_27' title='bbox 1650 494 1695 530; x_wconf 93' lang='lat' dir='ltr'>et</span> 
     </span>
     <span class='ocr_line' id='line_1_5' title="bbox 285 561 1693 626; baseline -0.002 -16"><span class='ocrx_word' id='word_1_28' title='bbox 285 565 583 610; x_wconf 65' lang='lat' dir='ltr'>xerissimum</span> <span class='ocrx_word' id='word_1_29' title='bbox 605 562 886 626; x_wconf 82' lang='lat' dir='ltr'>putabatur)</span> <span class='ocrx_word' id='word_1_30' title='bbox 909 562 1153 621; x_wconf 84' lang='lat' dir='ltr'>concitati,</span> <span class='ocrx_word' id='word_1_31' title='bbox 1183 561 1590 625; x_wconf 79' lang='lat' dir='ltr'>quemadmodum</span> <span class='ocrx_word' id='word_1_32' title='bbox 1616 578 1693 607; x_wconf 91' lang='lat' dir='ltr'>su-</span> 
     </span>
     <span class='ocr_line' id='line_1_6' title="bbox 284 639 1693 704; baseline -0.002 -17"><span class='ocrx_word' id='word_1_33' title='bbox 284 657 370 704; x_wconf 87' lang='lat' dir='ltr'>pra</span> <span class='ocrx_word' id='word_1_34' title='bbox 402 641 668 698; x_wconf 86' lang='lat' dir='ltr'>retulimus,</span> <span class='ocrx_word' id='word_1_35' title='bbox 703 650 960 703; x_wconf 85' lang='lat' dir='ltr'>eruperunt</span> <span class='ocrx_word' id='word_1_36' title='bbox 989 650 1157 686; x_wconf 88' lang='lat' dir='ltr'>contra</span> <span class='ocrx_word' id='word_1_37' title='bbox 1186 640 1314 703; x_wconf 84' lang='lat' dir='ltr'>pacis</span> <span class='ocrx_word' id='word_1_38' title='bbox 1346 639 1544 699; x_wconf 85' lang='lat' dir='ltr'>foedera,</span> <span class='ocrx_word' id='word_1_39' title='bbox 1580 639 1693 685; x_wconf 89' lang='lat' dir='ltr'>olim</span> 
     </span>
     <span class='ocr_line' id='line_1_7' title="bbox 283 717 1694 781; baseline 0 -18"><span class='ocrx_word' id='word_1_40' title='bbox 283 734 393 764; x_wconf 89' lang='lat' dir='ltr'>cum</span> <span class='ocrx_word' id='word_1_41' title='bbox 423 718 559 764; x_wconf 85' lang='lat' dir='ltr'>dictis</span> <span class='ocrx_word' id='word_1_42' title='bbox 590 727 725 781; x_wconf 91' lang='lat' dir='ltr'>pacta</span> <span class='ocrx_word' id='word_1_43' title='bbox 754 727 800 762; x_wconf 90' lang='lat' dir='ltr'>et</span> <span class='ocrx_word' id='word_1_44' title='bbox 823 717 977 779; x_wconf 88' lang='lat' dir='ltr'>jurata</span> <span class='ocrx_word' id='word_1_45' title='bbox 1006 717 1320 781; x_wconf 76' lang='lat' dir='ltr'>principibus,</span> <span class='ocrx_word' id='word_1_46' title='bbox 1353 734 1520 764; x_wconf 89' lang='lat' dir='ltr'>eorum</span> <span class='ocrx_word' id='word_1_47' title='bbox 1550 727 1694 763; x_wconf 86' lang='lat' dir='ltr'>terras</span> 
     </span>
     <span class='ocr_line' id='line_1_8' title="bbox 284 793 1607 858; baseline 0 -18"><span class='ocrx_word' id='word_1_48' title='bbox 284 796 390 858; x_wconf 84' lang='lat' dir='ltr'>igne</span> <span class='ocrx_word' id='word_1_49' title='bbox 415 806 460 841; x_wconf 94' lang='lat' dir='ltr'>et</span> <span class='ocrx_word' id='word_1_50' title='bbox 485 795 609 842; x_wconf 89' lang='lat' dir='ltr'>ferro</span> <span class='ocrx_word' id='word_1_51' title='bbox 638 793 965 840; x_wconf 82' lang='lat' dir='ltr'>miserabiliter</span> <span class='ocrx_word' id='word_1_52' title='bbox 986 795 1266 858; x_wconf 80' lang='lat' dir='ltr'>populantes</span> <span class='ocrx_word' id='word_1_53' title='bbox 1289 805 1333 840; x_wconf 88' lang='lat' dir='ltr'>et</span> <span class='ocrx_word' id='word_1_54' title='bbox 1358 805 1607 841; x_wconf 77' lang='lat' dir='ltr'>vastantes.</span> 
     </span>
    </p>

    <p class='ocr_par' dir='ltr' id='par_1_3' title="bbox 278 872 1694 2250">
     <span class='ocr_line' id='line_1_9' title="bbox 348 872 1694 935; baseline -0.001 -16"><span class='ocrx_word' id='word_1_55' title='bbox 348 875 469 919; x_wconf 92' lang='lat' dir='ltr'>Cum</span> <span class='ocrx_word' id='word_1_56' title='bbox 492 873 619 918; x_wconf 89' lang='lat' dir='ltr'>enim</span> <span class='ocrx_word' id='word_1_57' title='bbox 639 872 933 918; x_wconf 75' lang='lat' dir='ltr'>verissimum</span> <span class='ocrx_word' id='word_1_58' title='bbox 954 872 1009 918; x_wconf 86' lang='lat' dir='ltr'>sit</span> <span class='ocrx_word' id='word_1_59' title='bbox 1027 872 1158 935; x_wconf 86' lang='lat' dir='ltr'>quod</span> <span class='ocrx_word' id='word_1_60' title='bbox 1178 872 1389 919; x_wconf 71' lang='lat' dir='ltr'>Aurelius</span> <span class='ocrx_word' id='word_1_61' title='bbox 1411 872 1694 935; x_wconf 82' lang='lat' dir='ltr'>Augustinus</span> 
     </span>
     <span class='ocr_line' id='line_1_10' title="bbox 283 948 1693 1013; baseline -0.001 -18"><span class='ocrx_word' id='word_1_62' title='bbox 283 949 518 1012; x_wconf 78' lang='lat' dir='ltr'>eleganter</span> <span class='ocrx_word' id='word_1_63' title='bbox 550 950 756 1013; x_wconf 73' lang='lat' dir='ltr'>scripsit,</span> <span class='ocrx_word' id='word_1_64' title='bbox 791 950 838 994; x_wconf 90' lang='lat' dir='ltr'>in</span> <span class='ocrx_word' id='word_1_65' title='bbox 873 949 1071 1013; x_wconf 87' lang='lat' dir='ltr'>epistola</span> <span class='ocrx_word' id='word_1_66' title='bbox 1097 950 1156 996; x_wconf 89' lang='lat' dir='ltr'>ad</span> <span class='ocrx_word' id='word_1_67' title='bbox 1184 950 1529 1009; x_wconf 88' lang='lat' dir='ltr'>Marcellinum,</span> <span class='ocrx_word' id='word_1_68' title='bbox 1563 948 1693 1013; x_wconf 90' lang='lat' dir='ltr'>quod</span> 
     </span>
     <span class='ocr_line' id='line_1_11' title="bbox 286 1027 1689 1090; baseline -0.002 -19"><span class='ocrx_word' id='word_1_69' title='bbox 286 1047 307 1071; x_wconf 78' lang='grc' dir='ltr'>α</span> <span class='ocrx_word' id='word_1_70' title='bbox 339 1028 512 1073; x_wconf 88' lang='lat' dir='ltr'>utiliter</span> <span class='ocrx_word' id='word_1_71' title='bbox 547 1027 765 1086; x_wconf 69' lang='lat' dir='ltr'>vincitur,</span> <span class='ocrx_word' id='word_1_72' title='bbox 805 1028 881 1072; x_wconf 89' lang='lat' dir='ltr'>cui</span> <span class='ocrx_word' id='word_1_73' title='bbox 913 1027 1100 1073; x_wconf 87' lang='lat' dir='ltr'>licentia</span> <span class='ocrx_word' id='word_1_74' title='bbox 1132 1028 1388 1090; x_wconf 86' lang='lat' dir='ltr'>iniquitatis</span> <span class='ocrx_word' id='word_1_75' title='bbox 1420 1027 1636 1090; x_wconf 85' lang='lat' dir='ltr'>eripitur,</span> <span class='ocrx_word' id='word_1_76' title='bbox 1668 1046 1689 1068; x_wconf 87' lang='lat'>»</span> 
     </span>
     <span class='ocr_line' id='line_1_12' title="bbox 283 1104 1694 1167; baseline 0 -17"><span class='ocrx_word' id='word_1_77' title='bbox 283 1105 423 1151; x_wconf 89' lang='lat' dir='ltr'>talem</span> <span class='ocrx_word' id='word_1_78' title='bbox 459 1115 618 1151; x_wconf 89' lang='lat' dir='ltr'>autem</span> <span class='ocrx_word' id='word_1_79' title='bbox 658 1104 895 1150; x_wconf 82' lang='lat' dir='ltr'>licentiam</span> <span class='ocrx_word' id='word_1_80' title='bbox 930 1115 974 1150; x_wconf 88' lang='lat' dir='ltr'>et</span> <span class='ocrx_word' id='word_1_81' title='bbox 1013 1105 1073 1150; x_wconf 90' lang='lat' dir='ltr'>ad</span> <span class='ocrx_word' id='word_1_82' title='bbox 1103 1122 1300 1167; x_wconf 71' lang='lat' dir='ltr'>quaeque</span> <span class='ocrx_word' id='word_1_83' title='bbox 1336 1104 1458 1150; x_wconf 88' lang='lat' dir='ltr'>mala</span> <span class='ocrx_word' id='word_1_84' title='bbox 1483 1104 1694 1150; x_wconf 87' lang='lat' dir='ltr'>facinora</span> 
     </span>
     <span class='ocr_line' id='line_1_13' title="bbox 282 1181 1693 1245; baseline -0.001 -16"><span class='ocrx_word' id='word_1_85' title='bbox 282 1199 449 1229; x_wconf 88' lang='lat' dir='ltr'>ausum</span> <span class='ocrx_word' id='word_1_86' title='bbox 481 1193 620 1245; x_wconf 87' lang='lat' dir='ltr'>atque</span> <span class='ocrx_word' id='word_1_87' title='bbox 658 1182 944 1245; x_wconf 80' lang='lat' dir='ltr'>pronitatem</span> <span class='ocrx_word' id='word_1_88' title='bbox 977 1182 1112 1228; x_wconf 85' lang='lat' dir='ltr'>dictis</span> <span class='ocrx_word' id='word_1_89' title='bbox 1147 1181 1339 1245; x_wconf 76' lang='lat' dir='ltr'>perfidis</span> <span class='ocrx_word' id='word_1_90' title='bbox 1370 1191 1415 1227; x_wconf 92' lang='lat' dir='ltr'>et</span> <span class='ocrx_word' id='word_1_91' title='bbox 1445 1181 1693 1244; x_wconf 77' lang='lat' dir='ltr'>foedifragis</span> 
     </span>
     <span class='ocr_line' id='line_1_14' title="bbox 281 1258 1691 1323; baseline -0.001 -18"><span class='ocrx_word' id='word_1_92' title='bbox 281 1259 583 1305; x_wconf 81' lang='lat' dir='ltr'>Eburonibus</span> <span class='ocrx_word' id='word_1_93' title='bbox 619 1258 902 1322; x_wconf 77' lang='lat' dir='ltr'>praestabant</span> <span class='ocrx_word' id='word_1_94' title='bbox 936 1275 1132 1304; x_wconf 88' lang='lat' dir='ltr'>suorum</span> <span class='ocrx_word' id='word_1_95' title='bbox 1170 1259 1457 1305; x_wconf 87' lang='lat' dir='ltr'>munitiones</span> <span class='ocrx_word' id='word_1_96' title='bbox 1489 1259 1691 1323; x_wconf 87' lang='lat' dir='ltr'>oppido-</span> 
     </span>
     <span class='ocr_line' id='line_1_15' title="bbox 281 1337 1691 1400; baseline 0 -18"><span class='ocrx_word' id='word_1_97' title='bbox 281 1354 411 1395; x_wconf 89' lang='lat' dir='ltr'>rum,</span> <span class='ocrx_word' id='word_1_98' title='bbox 439 1347 481 1383; x_wconf 90' lang='lat' dir='ltr'>et</span> <span class='ocrx_word' id='word_1_99' title='bbox 511 1337 707 1382; x_wconf 69' lang='lat' dir='ltr'>civitatis</span> <span class='ocrx_word' id='word_1_100' title='bbox 737 1353 831 1381; x_wconf 82' lang='lat' dir='ltr'>suae</span> <span class='ocrx_word' id='word_1_101' title='bbox 856 1352 986 1381; x_wconf 88' lang='lat' dir='ltr'>arma</span> <span class='ocrx_word' id='word_1_102' title='bbox 1012 1346 1056 1382; x_wconf 91' lang='lat' dir='ltr'>et</span> <span class='ocrx_word' id='word_1_103' title='bbox 1081 1337 1252 1383; x_wconf 75' lang='lat' dir='ltr'>divitiae</span> <span class='ocrx_word' id='word_1_104' title='bbox 1278 1337 1477 1400; x_wconf 77' lang='lat' dir='ltr'>(quibus</span> <span class='ocrx_word' id='word_1_105' title='bbox 1501 1337 1610 1383; x_wconf 88' lang='lat' dir='ltr'>satis</span> <span class='ocrx_word' id='word_1_106' title='bbox 1637 1353 1691 1382; x_wconf 80' lang='lat' dir='ltr'>ex</span> 
     </span>
     <span class='ocr_line' id='line_1_16' title="bbox 280 1413 1691 1478; baseline 0.001 -20"><span class='ocrx_word' id='word_1_107' title='bbox 280 1414 420 1476; x_wconf 83' lang='lat' dir='ltr'>longa</span> <span class='ocrx_word' id='word_1_108' title='bbox 441 1414 538 1475; x_wconf 85' lang='lat' dir='ltr'>jam</span> <span class='ocrx_word' id='word_1_109' title='bbox 566 1430 677 1476; x_wconf 88' lang='lat' dir='ltr'>pace</span> <span class='ocrx_word' id='word_1_110' title='bbox 702 1413 885 1476; x_wconf 79' lang='lat' dir='ltr'>praediti</span> <span class='ocrx_word' id='word_1_111' title='bbox 909 1423 953 1459; x_wconf 85' lang='lat' dir='ltr'>et</span> <span class='ocrx_word' id='word_1_112' title='bbox 974 1414 1121 1460; x_wconf 90' lang='lat' dir='ltr'>farciti</span> <span class='ocrx_word' id='word_1_113' title='bbox 1141 1420 1323 1477; x_wconf 79' lang='lat' dir='ltr'>erant),</span> <span class='ocrx_word' id='word_1_114' title='bbox 1350 1415 1563 1478; x_wconf 84' lang='lat' dir='ltr'>profecto</span> <span class='ocrx_word' id='word_1_115' title='bbox 1585 1415 1691 1459; x_wconf 88' lang='lat' dir='ltr'>satis</span> 
     </span>
     <span class='ocr_line' id='line_1_17' title="bbox 281 1490 1693 1555; baseline 0.001 -19"><span class='ocrx_word' id='word_1_116' title='bbox 281 1492 453 1536; x_wconf 88' lang='lat' dir='ltr'>utiliter</span> <span class='ocrx_word' id='word_1_117' title='bbox 471 1490 748 1537; x_wconf 82' lang='lat' dir='ltr'>consulebat</span> <span class='ocrx_word' id='word_1_118' title='bbox 768 1492 871 1554; x_wconf 81' lang='lat' dir='ltr'>paci</span> <span class='ocrx_word' id='word_1_119' title='bbox 895 1501 939 1537; x_wconf 89' lang='lat' dir='ltr'>et</span> <span class='ocrx_word' id='word_1_120' title='bbox 962 1492 1285 1555; x_wconf 87' lang='lat' dir='ltr'>tranquillitati</span> <span class='ocrx_word' id='word_1_121' title='bbox 1305 1509 1397 1538; x_wconf 82' lang='lat' dir='ltr'>suae</span> <span class='ocrx_word' id='word_1_122' title='bbox 1416 1493 1693 1538; x_wconf 85' lang='lat' dir='ltr'>vicinarum-</span> 
     </span>
     <span class='ocr_line' id='line_1_18' title="bbox 279 1568 1691 1632; baseline 0.001 -20"><span class='ocrx_word' id='word_1_123' title='bbox 279 1584 372 1630; x_wconf 85' lang='lat' dir='ltr'>que</span> <span class='ocrx_word' id='word_1_124' title='bbox 397 1577 627 1612; x_wconf 83' lang='lat' dir='ltr'>terrarum</span> <span class='ocrx_word' id='word_1_125' title='bbox 657 1568 898 1614; x_wconf 89' lang='lat' dir='ltr'>dictorum</span> <span class='ocrx_word' id='word_1_126' title='bbox 921 1568 1169 1615; x_wconf 80' lang='lat' dir='ltr'>illustrium</span> <span class='ocrx_word' id='word_1_127' title='bbox 1195 1569 1440 1615; x_wconf 87' lang='lat' dir='ltr'>clementia</span> <span class='ocrx_word' id='word_1_128' title='bbox 1466 1578 1511 1614; x_wconf 88' lang='lat' dir='ltr'>et</span> <span class='ocrx_word' id='word_1_129' title='bbox 1532 1568 1691 1632; x_wconf 87' lang='lat' dir='ltr'>provi-</span> 
     </span>
     <span class='ocr_line' id='line_1_19' title="bbox 279 1644 1691 1711; baseline 0.002 -22"><span class='ocrx_word' id='word_1_130' title='bbox 279 1644 436 1690; x_wconf 85' lang='lat' dir='ltr'>dentia</span> <span class='ocrx_word' id='word_1_131' title='bbox 458 1646 747 1709; x_wconf 76' lang='lat' dir='ltr'>principum,</span> <span class='ocrx_word' id='word_1_132' title='bbox 772 1663 827 1692; x_wconf 90' lang='lat' dir='ltr'>ea</span> <span class='ocrx_word' id='word_1_133' title='bbox 851 1646 910 1693; x_wconf 90' lang='lat' dir='ltr'>ab</span> <span class='ocrx_word' id='word_1_134' title='bbox 931 1648 996 1692; x_wconf 91' lang='lat' dir='ltr'>eis</span> <span class='ocrx_word' id='word_1_135' title='bbox 1016 1647 1246 1708; x_wconf 85' lang='lat' dir='ltr'>tollendo,</span> <span class='ocrx_word' id='word_1_136' title='bbox 1270 1657 1411 1711; x_wconf 82' lang='lat' dir='ltr'>atque</span> <span class='ocrx_word' id='word_1_137' title='bbox 1431 1646 1691 1694; x_wconf 88' lang='lat' dir='ltr'>minuendo</span> 
     </span>
     <span class='ocr_line' id='line_1_20' title="bbox 278 1722 1694 1788; baseline 0.003 -22"><span class='ocrx_word' id='word_1_138' title='bbox 278 1738 381 1784; x_wconf 60' lang='lat' dir='ltr'>quae</span> <span class='ocrx_word' id='word_1_139' title='bbox 408 1722 585 1768; x_wconf 88' lang='lat' dir='ltr'>eisdem</span> <span class='ocrx_word' id='word_1_140' title='bbox 619 1723 864 1769; x_wconf 86' lang='lat' dir='ltr'>materiam</span> <span class='ocrx_word' id='word_1_141' title='bbox 900 1723 1129 1788; x_wconf 85' lang='lat' dir='ltr'>superbiae</span> <span class='ocrx_word' id='word_1_142' title='bbox 1160 1734 1227 1785; x_wconf 87' lang='lat' dir='ltr'>et,</span> <span class='ocrx_word' id='word_1_143' title='bbox 1255 1742 1339 1788; x_wconf 85' lang='lat' dir='ltr'>per</span> <span class='ocrx_word' id='word_1_144' title='bbox 1364 1725 1479 1783; x_wconf 84' lang='lat' dir='ltr'>hoc,</span> <span class='ocrx_word' id='word_1_145' title='bbox 1508 1725 1694 1771; x_wconf 86' lang='lat' dir='ltr'>seditio-</span> 
     </span>
     <span class='ocr_line' id='line_1_21' title="bbox 279 1799 1692 1864; baseline 0.002 -21"><span class='ocrx_word' id='word_1_146' title='bbox 279 1815 419 1858; x_wconf 87' lang='lat' dir='ltr'>num,</span> <span class='ocrx_word' id='word_1_147' title='bbox 448 1799 718 1856; x_wconf 87' lang='lat' dir='ltr'>turbarum,</span> <span class='ocrx_word' id='word_1_148' title='bbox 746 1811 888 1864; x_wconf 89' lang='lat' dir='ltr'>atque</span> <span class='ocrx_word' id='word_1_149' title='bbox 912 1804 1044 1864; x_wconf 85' lang='lat' dir='ltr'>igne,</span> <span class='ocrx_word' id='word_1_150' title='bbox 1074 1802 1197 1848; x_wconf 87' lang='lat' dir='ltr'>ferro</span> <span class='ocrx_word' id='word_1_151' title='bbox 1220 1838 1231 1860; x_wconf 87' lang='lat'>‚</span> <span class='ocrx_word' id='word_1_152' title='bbox 1259 1802 1464 1848; x_wconf 80' lang='lat' dir='ltr'>caedibus</span> <span class='ocrx_word' id='word_1_153' title='bbox 1489 1812 1534 1848; x_wconf 83' lang='lat' dir='ltr'>et</span> <span class='ocrx_word' id='word_1_154' title='bbox 1570 1802 1692 1864; x_wconf 86' lang='lat' dir='ltr'>rapi-</span> 
     </span>
     <span class='ocr_line' id='line_1_22' title="bbox 280 1877 1690 1941; baseline 0.003 -20"><span class='ocrx_word' id='word_1_155' title='bbox 280 1877 350 1922; x_wconf 91' lang='lat' dir='ltr'>nis</span> <span class='ocrx_word' id='word_1_156' title='bbox 374 1878 814 1941; x_wconf 88' lang='lat' dir='ltr'>persequendorum</span> <span class='ocrx_word' id='word_1_157' title='bbox 838 1879 1106 1925; x_wconf 65' lang='lat' dir='ltr'>xicinorum</span> <span class='ocrx_word' id='word_1_158' title='bbox 1131 1882 1430 1926; x_wconf 87' lang='lat' dir='ltr'>occasionem</span> <span class='ocrx_word' id='word_1_159' title='bbox 1457 1879 1690 1925; x_wconf 86' lang='lat' dir='ltr'>ministra-</span> 
     </span>
     <span class='ocr_line' id='line_1_23' title="bbox 280 1952 1691 2020; baseline 0.004 -23"><span class='ocrx_word' id='word_1_160' title='bbox 280 1952 411 2000; x_wconf 84' lang='lat' dir='ltr'>bant.</span> <span class='ocrx_word' id='word_1_161' title='bbox 449 1975 471 1999; x_wconf 86' lang='lat'>«</span> <span class='ocrx_word' id='word_1_162' title='bbox 498 1956 642 2001; x_wconf 83' lang='lat' dir='ltr'>Multa</span> <span class='ocrx_word' id='word_1_163' title='bbox 673 1956 824 2014; x_wconf 90' lang='lat' dir='ltr'>enim,</span> <span class='ocrx_word' id='word_1_164' title='bbox 853 1977 872 1998; x_wconf 71' lang='lat'>&gt;2</span> <span class='ocrx_word' id='word_1_165' title='bbox 908 1967 958 2002; x_wconf 90' lang='lat' dir='ltr'>ut</span> <span class='ocrx_word' id='word_1_166' title='bbox 983 1957 1108 2003; x_wconf 89' lang='lat' dir='ltr'>idem</span> <span class='ocrx_word' id='word_1_167' title='bbox 1140 1959 1424 2020; x_wconf 82' lang='lat' dir='ltr'>Augustinus</span> <span class='ocrx_word' id='word_1_168' title='bbox 1454 1959 1500 2003; x_wconf 92' lang='lat' dir='ltr'>in</span> <span class='ocrx_word' id='word_1_169' title='bbox 1526 1957 1691 2003; x_wconf 89' lang='lat' dir='ltr'>eadem</span> 
     </span>
     <span class='ocr_line' id='line_1_24' title="bbox 279 2031 1693 2097; baseline 0.003 -23"><span class='ocrx_word' id='word_1_170' title='bbox 279 2031 477 2093; x_wconf 86' lang='lat' dir='ltr'>epistola</span> <span class='ocrx_word' id='word_1_171' title='bbox 501 2033 676 2095; x_wconf 88' lang='lat' dir='ltr'>inquit,</span> <span class='ocrx_word' id='word_1_172' title='bbox 708 2052 729 2076; x_wconf 83' lang='lat'>«</span> <span class='ocrx_word' id='word_1_173' title='bbox 759 2050 869 2078; x_wconf 91' lang='lat' dir='ltr'>cum</span> <span class='ocrx_word' id='word_1_174' title='bbox 893 2034 1074 2092; x_wconf 83' lang='lat' dir='ltr'>invitis,</span> <span class='ocrx_word' id='word_1_175' title='bbox 1102 2034 1307 2095; x_wconf 79' lang='lat' dir='ltr'>benigna</span> <span class='ocrx_word' id='word_1_176' title='bbox 1329 2033 1533 2097; x_wconf 90' lang='lat' dir='ltr'>quadam</span> <span class='ocrx_word' id='word_1_177' title='bbox 1558 2050 1693 2096; x_wconf 89' lang='lat' dir='ltr'>aspe-</span> 
     </span>
     <span class='ocr_line' id='line_1_25' title="bbox 285 2108 1692 2175; baseline 0.003 -23"><span class='ocrx_word' id='word_1_178' title='bbox 285 2108 416 2153; x_wconf 86' lang='lat' dir='ltr'>ritate</span> <span class='ocrx_word' id='word_1_179' title='bbox 437 2110 715 2172; x_wconf 88' lang='lat' dir='ltr'>plectendis,</span> <span class='ocrx_word' id='word_1_180' title='bbox 745 2111 925 2173; x_wconf 83' lang='lat' dir='ltr'>agenda</span> <span class='ocrx_word' id='word_1_181' title='bbox 952 2121 1077 2171; x_wconf 86' lang='lat' dir='ltr'>sunt,</span> <span class='ocrx_word' id='word_1_182' title='bbox 1101 2129 1307 2175; x_wconf 87' lang='lat' dir='ltr'>quorum</span> <span class='ocrx_word' id='word_1_183' title='bbox 1330 2112 1515 2158; x_wconf 89' lang='lat' dir='ltr'>utilitati</span> <span class='ocrx_word' id='word_1_184' title='bbox 1535 2112 1692 2175; x_wconf 90' lang='lat' dir='ltr'>potius</span> 
     </span>
     <span class='ocr_line' id='line_1_26' title="bbox 281 2185 1027 2250; baseline 0.007 -23"><span class='ocrx_word' id='word_1_185' title='bbox 281 2185 541 2230; x_wconf 82' lang='lat' dir='ltr'>consulitur</span> <span class='ocrx_word' id='word_1_186' title='bbox 566 2204 710 2250; x_wconf 89' lang='lat' dir='ltr'>quam</span> <span class='ocrx_word' id='word_1_187' title='bbox 734 2187 981 2235; x_wconf 62' lang='lat' dir='ltr'>x‘oluntati.</span> <span class='ocrx_word' id='word_1_188' title='bbox 1006 2208 1027 2233; x_wconf 68' lang='grc' dir='ltr'>υ</span> 
     </span>
    </p>

    <p class='ocr_par' dir='ltr' id='par_1_4' title="bbox 281 2265 1690 2794">
     <span class='ocr_line' id='line_1_27' title="bbox 352 2265 1690 2329; baseline 0.004 -25"><span class='ocrx_word' id='word_1_189' title='bbox 352 2265 364 2304; x_wconf 80' lang='lat' dir='ltr'>l</span> <span class='ocrx_word' id='word_1_190' title='bbox 392 2271 406 2305; x_wconf 92' lang='lat' dir='ltr'>t</span> <span class='ocrx_word' id='word_1_191' title='bbox 434 2272 588 2308; x_wconf 85' lang='lat' dir='ltr'>autem</span> <span class='ocrx_word' id='word_1_192' title='bbox 619 2265 689 2309; x_wconf 87' lang='lat' dir='ltr'>sui</span> <span class='ocrx_word' id='word_1_193' title='bbox 724 2266 848 2310; x_wconf 65' lang='lat' dir='ltr'>exitii</span> <span class='ocrx_word' id='word_1_194' title='bbox 877 2276 922 2311; x_wconf 89' lang='lat' dir='ltr'>et</span> <span class='ocrx_word' id='word_1_195' title='bbox 953 2268 1166 2312; x_wconf 73' lang='lat' dir='ltr'>amentiae</span> <span class='ocrx_word' id='word_1_196' title='bbox 1196 2283 1358 2313; x_wconf 88' lang='lat' dir='ltr'>causas</span> <span class='ocrx_word' id='word_1_197' title='bbox 1384 2266 1524 2329; x_wconf 86' lang='lat' dir='ltr'>paulo</span> <span class='ocrx_word' id='word_1_198' title='bbox 1554 2265 1690 2311; x_wconf 88' lang='lat' dir='ltr'>altius</span> 
     </span>
     <span class='ocr_line' id='line_1_28' title="bbox 284 2342 1689 2408; baseline 0.003 -25"><span class='ocrx_word' id='word_1_199' title='bbox 284 2349 568 2403; x_wconf 85' lang='lat' dir='ltr'>repetamus,</span> <span class='ocrx_word' id='word_1_200' title='bbox 611 2342 851 2388; x_wconf 86' lang='lat' dir='ltr'>habebant</span> <span class='ocrx_word' id='word_1_201' title='bbox 884 2354 995 2389; x_wconf 90' lang='lat' dir='ltr'>tunc</span> <span class='ocrx_word' id='word_1_202' title='bbox 1028 2346 1303 2408; x_wconf 83' lang='lat' dir='ltr'>episcopum</span> <span class='ocrx_word' id='word_1_203' title='bbox 1333 2361 1613 2407; x_wconf 83' lang='lat' dir='ltr'>generosum</span> <span class='ocrx_word' id='word_1_204' title='bbox 1646 2352 1689 2389; x_wconf 87' lang='lat' dir='ltr'>et</span> 
     </span>
     <span class='ocr_line' id='line_1_29' title="bbox 285 2416 1684 2482; baseline 0.004 -22"><span class='ocrx_word' id='word_1_205' title='bbox 285 2416 533 2473; x_wconf 81' lang='lat' dir='ltr'>illustrem,</span> <span class='ocrx_word' id='word_1_206' title='bbox 556 2419 714 2479; x_wconf 85' lang='lat' dir='ltr'>quoad</span> <span class='ocrx_word' id='word_1_207' title='bbox 737 2421 888 2466; x_wconf 88' lang='lat' dir='ltr'>carnis</span> <span class='ocrx_word' id='word_1_208' title='bbox 915 2422 1144 2482; x_wconf 70' lang='lat' dir='ltr'>originem</span> <span class='ocrx_word' id='word_1_209' title='bbox 1166 2423 1352 2480; x_wconf 82' lang='lat' dir='ltr'>attinet,</span> <span class='ocrx_word' id='word_1_210' title='bbox 1379 2421 1684 2478; x_wconf 55' lang='lat' dir='ltr'>ludovicum,</span> 
     </span>
     <span class='ocr_line' id='line_1_30' title="bbox 283 2492 1689 2561; baseline 0.004 -24"><span class='ocrx_word' id='word_1_211' title='bbox 283 2492 414 2539; x_wconf 89' lang='lat' dir='ltr'>ducis</span> <span class='ocrx_word' id='word_1_212' title='bbox 438 2493 659 2538; x_wconf 76' lang='lat' dir='ltr'>ssorbonii</span> <span class='ocrx_word' id='word_1_213' title='bbox 684 2495 848 2555; x_wconf 86' lang='lat' dir='ltr'>lilium,</span> <span class='ocrx_word' id='word_1_214' title='bbox 876 2508 1096 2561; x_wconf 88' lang='lat' dir='ltr'>nepotem</span> <span class='ocrx_word' id='word_1_215' title='bbox 1116 2516 1227 2545; x_wconf 68' lang='lat' dir='ltr'>vero</span> <span class='ocrx_word' id='word_1_216' title='bbox 1249 2517 1302 2544; x_wconf 75' lang='lat' dir='ltr'>ex</span> <span class='ocrx_word' id='word_1_217' title='bbox 1323 2516 1485 2545; x_wconf 89' lang='lat' dir='ltr'>sorore</span> <span class='ocrx_word' id='word_1_218' title='bbox 1504 2499 1689 2544; x_wconf 87' lang='lat' dir='ltr'>illustris</span> 
     </span>
     <span class='ocr_line' id='line_1_31' title="bbox 287 2569 1688 2641; baseline 0.004 -27"><span class='ocrx_word' id='word_1_219' title='bbox 287 2569 508 2633; x_wconf 84' lang='lat' dir='ltr'>Philippi,</span> <span class='ocrx_word' id='word_1_220' title='bbox 542 2572 930 2631; x_wconf 67' lang='lat' dir='ltr'>Burgundionum</span> <span class='ocrx_word' id='word_1_221' title='bbox 955 2576 1108 2635; x_wconf 75' lang='lat' dir='ltr'>(lucis,</span> <span class='ocrx_word' id='word_1_222' title='bbox 1139 2587 1179 2622; x_wconf 85' lang='lat' dir='ltr'>et</span> <span class='ocrx_word' id='word_1_223' title='bbox 1206 2595 1288 2641; x_wconf 85' lang='lat' dir='ltr'>per</span> <span class='ocrx_word' id='word_1_224' title='bbox 1316 2577 1408 2622; x_wconf 83' lang='lat' dir='ltr'>lioc</span> <span class='ocrx_word' id='word_1_225' title='bbox 1434 2576 1688 2623; x_wconf 87' lang='lat' dir='ltr'>consobri-</span> 
     </span>
     <span class='ocr_line' id='line_1_32' title="bbox 283 2649 1686 2719; baseline 0.004 -27"><span class='ocrx_word' id='word_1_226' title='bbox 283 2664 395 2693; x_wconf 86' lang='lat' dir='ltr'>num</span> <span class='ocrx_word' id='word_1_227' title='bbox 432 2649 607 2707; x_wconf 88' lang='lat' dir='ltr'>Caroli,</span> <span class='ocrx_word' id='word_1_228' title='bbox 636 2649 823 2695; x_wconf 83' lang='lat' dir='ltr'>illustris</span> <span class='ocrx_word' id='word_1_229' title='bbox 863 2652 1077 2699; x_wconf 83' lang='lat' dir='ltr'>moderni</span> <span class='ocrx_word' id='word_1_230' title='bbox 1111 2655 1241 2701; x_wconf 87' lang='lat' dir='ltr'>ducis</span> <span class='ocrx_word' id='word_1_231' title='bbox 1272 2654 1578 2719; x_wconf 79' lang='lat' dir='ltr'>Burgundiae3</span> <span class='ocrx_word' id='word_1_232' title='bbox 1607 2653 1686 2715; x_wconf 87' lang='lat' dir='ltr'>qui</span> 
     </span>
     <span class='ocr_line' id='line_1_33' title="bbox 281 2725 1687 2794; baseline 0.003 -25"><span class='ocrx_word' id='word_1_233' title='bbox 281 2725 420 2770; x_wconf 89' lang='lat' dir='ltr'>ctiam</span> <span class='ocrx_word' id='word_1_234' title='bbox 442 2726 652 2787; x_wconf 86' lang='lat' dir='ltr'>ejusdem</span> <span class='ocrx_word' id='word_1_235' title='bbox 674 2727 896 2772; x_wconf 68' lang='lat' dir='ltr'>Lud‹›vici</span> <span class='ocrx_word' id='word_1_236' title='bbox 915 2747 1143 2791; x_wconf 80' lang='lat' dir='ltr'>sororem,</span> <span class='ocrx_word' id='word_1_237' title='bbox 1166 2742 1209 2777; x_wconf 90' lang='lat' dir='ltr'>et</span> <span class='ocrx_word' id='word_1_238' title='bbox 1229 2733 1486 2794; x_wconf 86' lang='lat' dir='ltr'>apostolica</span> <span class='ocrx_word' id='word_1_239' title='bbox 1504 2731 1687 2793; x_wconf 90' lang='lat' dir='ltr'>dispen-</span> 
     </span>
    </p>
   </div>
  </div>
 </body>
</html>
