1923 3020
297 226 315 259 3
323 226 369 260 30
655 220 988 257 HISTORIARUM
1019 219 1252 254 LUDOVICI
1281 221 1334 255 XI

294 310 557 355 Minabatur
579 321 750 368 nempe
783 320 830 349 se
866 304 932 349 eis
961 303 1135 350 damna
1161 314 1302 366 atque
1331 305 1523 367 injurias
1550 306 1695 353 illatu-

294 404 422 442 rum,
457 384 542 429 nisi
589 382 683 427 suis
724 381 924 427 decretis
962 390 1007 425 et
1054 381 1236 444 placitis
1274 381 1691 445 obtemperassent.

291 459 643 507 Ferretensibus
672 459 813 504 etiam
836 457 1076 504 inchoavit
1109 475 1290 504 novum
1320 460 1563 522 quoddam
1592 477 1695 507 vec-

292 537 398 600 tigal
434 553 515 583 seu
553 536 827 599 impositum
863 535 1072 581 indicere
1110 552 1250 599 super
1282 537 1557 600 potionibus
1595 554 1698 600 quae

292 617 337 661 in
359 625 481 660 terra
498 613 841 669 venderentur3
868 611 997 674 quod
1021 611 1143 657 illius
1164 621 1296 657 terrae
1316 612 1483 659 accolae
1504 623 1697 676 perante

292 691 480 754 penitus
506 707 554 735 se
579 690 798 735 nesciisse
816 687 1102 734 asserebant.
1129 691 1235 733 Haec
1259 699 1398 752 atque
1421 690 1508 734 alia
1530 689 1693 747 multa,

293 784 395 829 quae
442 766 514 812 vel
551 767 598 811 in
635 767 781 830 ipsius
812 765 1050 823 moribus,
1081 764 1154 811 vel
1190 765 1329 810 etiam
1366 766 1414 810 in
1442 766 1596 812 verbis
1631 767 1699 812 ni-

294 844 442 889 mium
463 859 627 906 aspera
655 853 700 888 et
732 842 935 888 fastuosa
969 843 1034 888 eis
1059 841 1360 899 videbantur,
1391 842 1528 887 simul
1559 843 1697 888 etiam

293 921 423 984 quod
451 922 568 966 vires
588 930 728 983 atque
752 920 1011 982 potentiam
1037 918 1321 964 ve1·el.)antur
1339 917 1472 963 ducis
1494 922 1700 981 Burgun-

294 998 380 1044 diae
412 998 573 1061 (quem
599 996 825 1042 videbant
861 1006 1072 1042 recenter
1097 996 1239 1041 armis
1274 997 1579 1057 conquisiisse
1611 997 1698 1042 du-

294 1086 452 1121 catum
467 1073 667 1120 Geldriae
681 1083 820 1135 atque
839 1072 1100 1136 adspirasse
1117 1071 1176 1117 ad
1193 1087 1409 1133 regnum,
1430 1072 1550 1117 infra
1567 1073 1699 1134 cujus

295 1153 487 1210 limites,
526 1151 562 1196 si
595 1167 668 1195 res
707 1149 819 1203 sibi,
857 1150 922 1194 uti
956 1149 1291 1204 aestimaverat,
1332 1149 1695 1210 processissent,

296 1229 432 1274 fuisse
454 1227 705 1273 claudendi
726 1237 769 1271 et
790 1224 1210 1271 circumscribendi
1231 1224 1368 1286 vulgo
1390 1224 1697 1287 ferebantur),

295 1315 433 1368 pacto
459 1305 580 1349 inter
602 1320 651 1348 se
677 1302 867 1360 foedere,
899 1301 1037 1348 simul
1066 1302 1209 1347 etiam
1230 1318 1339 1346 cum
1364 1302 1695 1364 Sigismundo,

295 1381 415 1427 duce
457 1380 673 1436 Austriae,
719 1379 823 1442 qui,
864 1379 932 1424 uti
979 1379 1206 1437 diximus,
1244 1377 1377 1423 illum
1422 1379 1700 1425 comitatum

296 1462 613 1505 Ferretensem
645 1466 754 1502 ante
783 1472 935 1502 annos
956 1472 1134 1519 paucos
1161 1456 1249 1519 ipsi
1280 1455 1390 1501 duci
1421 1455 1701 1518 Burgundiae

296 1536 588 1590 vendiderat,
611 1536 737 1599 ipsos
760 1537 1053 1580 Ferretenses
1072 1533 1131 1579 ad
1149 1533 1457 1579 rebellionem
1478 1532 1701 1579 adversus

296 1613 518 1659 eumdem
545 1612 826 1674 Burgundiae
852 1611 1021 1657 ducem
1048 1611 1362 1656 concitarunt.

361 1691 472 1747 Qui,
502 1707 610 1736 cum
636 1689 694 1735 ad
724 1689 817 1734 hoc
848 1705 945 1733 non
971 1687 1273 1733 involuntarii
1298 1696 1473 1744 essent,
1500 1685 1583 1732 sed
1616 1686 1697 1732 de·

296 1768 546 1813 sectionem
580 1766 640 1813 ab
677 1782 758 1823 eo,
798 1775 842 1811 et
876 1782 986 1810 cum
1027 1764 1319 1810 Suitensibus
1354 1773 1400 1809 et
1438 1763 1702 1809 civitatibus

296 1844 503 1889 finitimis
528 1842 980 1889 consoederationem
1000 1851 1043 1886 et
1064 1840 1381 1902 colligantiam
1408 1840 1517 1885 totis
1536 1840 1701 1885 animis

295 1919 593 1975 affectarent,
621 1935 668 1963 se
697 1917 755 1962 ab
784 1917 993 1979 ejusdem
1027 1915 1298 1964 obedientia
1330 1926 1376 1961 et
1408 1915 1700 1976 subjectione

296 1996 647 2042 subtraxerunt.
675 1998 831 2051 Quam
849 1993 1163 2039 defectionem
1188 2010 1268 2038 seu
1294 1992 1626 2048 rebellionem,
1651 2002 1701 2038 ut

296 2072 490 2135 alicujus
509 2073 699 2135 juridici
716 2072 889 2118 coloris
910 2070 1183 2133 obtegerent
1208 2071 1498 2125 velamento,
1528 2086 1701 2116 assere-

298 2148 412 2194 bant
446 2149 616 2195 ducem
660 2149 851 2194 Austriae
896 2147 1274 2211 Sigismundum,
1331 2147 1462 2209 cujus
1507 2156 1702 2209 perante

298 2227 467 2272 ditioni
511 2237 791 2290 paruerant,
836 2244 892 2272 ex
935 2227 1037 2287 lege
1075 2226 1200 2271 dicta
1236 2227 1283 2271 in
1320 2225 1595 2271 venditione
1630 2225 1701 2270 sui

296 2305 563 2363 comitatus,
582 2305 739 2350 secisse
758 2304 913 2350 offerri
929 2306 939 2327 ¹
958 2303 1068 2348 duci
1088 2302 1477 2364 Burgundionum
1498 2303 1700 2365 pretium

297 2381 428 2442 quod
453 2398 539 2444 pro
563 2380 733 2426 eodem
759 2382 983 2426 comitatu
1009 2381 1108 2443 ipse
1135 2380 1435 2438 exsolverat²3
1466 2388 1702 2442 protesta-=

300 2469 494 2519 tumque
519 2457 680 2514 fuisse,
709 2458 795 2501 nisi
815 2457 860 2502 id
886 2459 1139 2520 reciperet,
1168 2474 1215 2502 se
1240 2457 1299 2502 ad
1322 2455 1699 2519 recuperandum

355 2639 389 2674 1.
423 2634 574 2682 Ariserrc'
595 2635 686 2672 dans
708 2635 741 2671 le
760 2648 826 2671 ms.

353 2697 389 2731 2.
423 2697 636 2730 Exsolveret
657 2694 748 2730 dans
766 2694 799 2730 le
821 2707 890 2731 [ης.
