1923 3020
296 272 317 305 ό
660 271 996 308 HISTORIARUM
1025 272 1258 307 LUDOVICI
1286 273 1341 306 XI

359 360 471 413 Quae
493 374 601 402 cum
627 358 688 403 ita
712 356 809 403 fieri
834 374 1050 420 proceres
1077 358 1205 419 regni
1229 367 1561 419 agnoscerent,
1589 357 1696 403 sibi-

292 449 383 495 que
407 433 467 479 ad
492 434 793 479 renitendum
819 434 1202 479 obsistendumve
1226 435 1349 480 vires
1370 435 1563 480 minime
1587 452 1698 498 sup-

290 519 473 572 petere,
526 527 633 556 cum
673 521 769 555 tota
805 511 945 556 etiam
984 510 1287 574 stipendiaria
1332 511 1495 556 militia
1533 511 1695 573 regni,

288 583 528 648 ducesque
563 596 608 631 et
646 586 849 648 magistri
882 586 1084 631 militum
1115 586 1174 632 ad
1208 602 1383 632 novum
1414 603 1594 647 regem,
1633 586 1696 632 ob

286 661 384 723 ejus
432 664 626 724 gratiani
675 663 1040 726 promerendam
1065 701 1075 722 ‚
1124 664 1335 709 certatim
1377 663 1436 709 de
1472 663 1695 709 omnibus

286 740 414 800 regni
439 740 667 802 partibus,
695 740 831 785 simul
857 741 996 786 etiam
1021 741 1102 804 qui
1127 741 1172 785 in
1200 757 1342 802 regno
1372 740 1582 786 ballivias
1613 759 1693 789 seu

285 815 603 878 prael'ecturaS,
631 817 925 877 magistratus
949 826 994 862 et
1018 816 1232 879 quaelibet
1254 817 1408 862 officia
1436 818 1694 863 tenuissent

284 892 371 938 snb
398 893 620 940 defuncto
646 910 776 955 rege,
812 894 1109 940 confluerent
1134 894 1192 938 ad
1221 910 1330 938 eum
1358 903 1401 938 et
1423 894 1692 940 catervatim

284 981 610 1027 accurrerent,
639 971 871 1016 siluerunt
895 987 1089 1028 omnes,
1121 971 1260 1015 etiam
1288 970 1322 1014 si
1347 971 1425 1032 qui
1443 1007 1453 1025 ,
1482 970 1692 1016 obsecuti

283 1057 476 1109 perante
512 1048 656 1110 patris
691 1048 953 1104 voluntati,
998 1047 1218 1092 libentius
1253 1046 1473 1105 Carolum
1504 1047 1692 1092 fratrem

277 1124 516 1184 juniorem
541 1141 686 1187 quam
712 1124 1005 1169 Ludovicuin
1037 1123 1277 1168 sublimari
1315 1124 1360 1168 in
1395 1140 1550 1183 regem
1586 1142 1691 1187 pro-

281 1202 549 1264 spexissent.
570 1202 741 1246 Yidens
758 1203 1023 1266 autemipse
1040 1201 1428 1263 Burgundionum
1445 1202 1536 1246 dux
1552 1203 1690 1248 talem

282 1279 498 1323 omnium
550 1278 896 1340 regnicolarum
945 1295 1231 1324 concursum
1282 1278 1341 1324 ad
1390 1278 1689 1324 salutandum

279 1354 727 1417 suscipiendumque
759 1355 1052 1401 Ludovicum
1078 1356 1124 1401 in
1163 1372 1318 1418 regem
1349 1365 1689 1420 promptosque

279 1432 496 1477 omnium
521 1432 706 1478 animos
739 1442 783 1477 et
819 1432 1007 1478 sedulos
1042 1433 1100 1478 ad
1137 1433 1177 1477 ei
1212 1432 1473 1496 parendum
1506 1443 1550 1478 et
1577 1432 1688 1479 obe-

280 1507 508 1553 diendum
540 1508 632 1570 (ad
668 1525 809 1571 quem
846 1509 983 1570 legati
1027 1518 1071 1554 et
1112 1509 1461 1572 provinciarum
1496 1519 1539 1554 et
1579 1510 1687 1555 insi-

279 1584 495 1646 gniorum
519 1601 933 1649 quarumcumque
953 1586 1194 1631 civitatum
1216 1586 1358 1631 totius
1381 1587 1527 1648 regni,
1553 1586 1683 1632 alteri

278 1661 447 1708 alteros
471 1664 727 1726 praevenire
760 1674 990 1710 certantes
1010 1702 1020 1720 ‚
1047 1664 1260 1727 qnotidie
1283 1665 1534 1711 veniebant
1552 1666 1589 1720 ᾖ,
1629 1667 1685 1710 de

281 1738 517 1786 voluntate
552 1750 595 1786 et
631 1757 864 1786 consensu
900 1741 1126 1787 Ludovici
1162 1741 1383 1788 mandata
1419 1743 1545 1805 prius
1578 1759 1602 1788 a
1638 1760 1685 1788 se

279 1817 443 1861 emissa
493 1818 765 1880 temperavit
807 1855 817 1874 ‚
876 1828 1124 1863 contentus
1178 1818 1509 1864 tantummodo
1557 1830 1683 1864 certo

281 1909 496 1948 numero,
518 1894 751 1957 praecipue
775 1904 1003 1940 terrarum
1023 1911 1215 1940 suarum
1242 1895 1510 1949 nobilitatis,
1541 1912 1682 1958 quem

280 1968 338 2014 ad
363 1971 448 2016 tria
472 1981 550 2016 aut
573 1981 778 2033 quatuor
802 1971 943 2018 millia
968 1972 1179 2035 equitum
1198 2009 1208 2029 ,
1243 1971 1302 2016 ad
1322 1989 1476 2034 regem
1503 1988 1681 2017 novum

280 2044 613 2098 honorandum
639 2058 779 2112 atque
803 2049 1103 2107 sociandum,
1133 2049 1333 2112 collegit.

767 2278 1101 2321 CAPITULUM
1139 2279 1192 2321 tl.

279 2409 329 2440 De
347 2407 534 2439 inimicitiis
549 2415 581 2439 et
598 2406 680 2439 odio
696 2408 774 2439 novi
794 2409 879 2453 regis
896 2409 938 2441 ad
957 2410 1125 2454 quosdam
1145 2410 1249 2444 duces
1265 2420 1442 2456 paternos,
1457 2419 1489 2443 et
1513 2409 1680 2455 exsequiis

334 2460 422 2506 patri
440 2459 604 2492 defuncto
622 2460 718 2492 sactis·
737 2473 753 2492 a
773 2474 825 2501 se,
846 2471 876 2493 ct
894 2475 1065 2495 concursu
1082 2464 1176 2497 vario
1195 2464 1445 2509 ugnicolaruizi
1469 2462 1511 2495 ad
1531 2475 1624 2496 euin.

342 2596 459 2638 Cum
506 2593 661 2653 itaque
702 2591 759 2636 ad
804 2608 851 2635 se
889 2608 1170 2639 concurrere
1209 2612 1373 2640 omnes
1419 2594 1677 2656 regnicolas

278 2671 375 2733 ipse
401 2668 665 2714 Ludmicus
694 2678 994 2729 agnosceret,
1037 2670 1217 2732 sibique
1251 2671 1394 2716 duces
1424 2688 1477 2716 ac
1509 2670 1676 2715 milites

276 2757 496 2810 paternos
516 2763 563 2792 se
587 2746 833 2792 ostendere
851 2745 1064 2804 devotos,
1089 2757 1132 2792 et
1150 2765 1233 2810 per
1252 2748 1342 2793 lzoc
1368 2749 1602 2793 neminem
1626 2761 1673 2791 se
