1923 3020
291 250 339 284 70
651 248 992 285 HISTORIARUM
1019 248 1254 285 LUDOVICI
1280 249 1335 285 XI

290 335 378 382 sibi
402 350 653 380 concessos
669 370 680 391 ,
710 335 973 391 revocavit,
1000 333 1318 397 daturumque
1341 350 1390 380 se
1415 350 1610 398 operam
1631 346 1698 382 at-

292 428 384 474 que
408 411 634 473 juvamen
666 410 725 456 ad
755 427 864 456 eum
893 411 1099 456 severius
1136 409 1454 458 coercendum
1487 421 1533 457 et
1562 412 1702 458 casti-

294 487 503 550 gandum
537 488 741 549 genitori
772 504 859 532 suo
896 488 1091 546 obtulit,
1119 489 1156 534 si
1181 488 1275 534 hoc
1299 498 1515 552 expetere
1542 489 1696 535 vellet.

293 564 385 609 Sed
419 564 524 627 pius
560 573 710 627 pater,
748 563 886 609 altius
918 574 1077 609 mente
1122 564 1427 610 considerans
1470 582 1702 627 quorsum

293 642 391 687 haec
415 640 732 702 castigationis
755 640 933 686 oblatio
955 640 1233 705 procederet
1255 657 1309 687 ac
1332 640 1562 700 tenderet,
1589 642 1703 687 actis

292 718 494 782 proinde
521 718 678 780 gratiis
704 719 824 780 regi,
854 734 908 763 ea
935 735 984 763 se
1009 718 1203 764 minime
1226 718 1437 780 indigere
1463 719 1602 778 dixit,
1631 736 1700 764 se-

294 813 387 858 que
416 795 476 841 ad
508 796 834 858 castigandum
866 795 1015 841 filium
1045 813 1208 853 suum,
1243 812 1353 841 cum
1382 795 1542 854 vellet,
1575 795 1703 842 suffi-

295 888 425 929 cere3
450 872 673 918 adversus
693 889 835 935 quem
854 889 952 917 non
973 872 1094 918 adeo
1117 872 1379 935 indignatio
1398 873 1496 934 ejus
1510 889 1705 919 accensa

295 958 417 1006 erat,
446 948 579 1011 quod
603 949 810 995 severius
833 948 1011 1011 aliquid
1035 949 1082 994 in
1113 965 1223 995 eum
1255 949 1419 1011 (quem
1446 965 1544 994 non
1573 965 1706 994 secus

297 1042 441 1088 quam
470 1027 677 1090 seipsum
705 1025 944 1087 diligeret)
977 1026 1115 1071 statui
1148 1035 1229 1072 aut
1258 1025 1410 1071 ultum
1439 1025 1494 1070 iri
1523 1025 1707 1072 deside-

298 1112 440 1149 raret-

754 1267 1095 1312 CAPITULUM
1129 1268 1249 1311 XXI.

300 1403 458 1446 Qualiter
475 1415 549 1445 rex,
566 1415 631 1449 pro
649 1402 787 1436 luendis
804 1402 903 1435 terris
918 1401 1086 1435 Picardiae
1105 1400 1296 1447 pignoratis
1312 1400 1393 1436 duci
1410 1403 1634 1449 Burgundiae‚
1653 1403 1714 1437 de-

347 1457 458 1502 posita
477 1469 552 1501 quae
576 1457 611 1489 in
633 1456 775 1490 ecclesia
795 1456 979 1489 Parisiensi
1002 1456 1243 1497 servabantur,
1264 1456 1363 1496 tulit,
1389 1465 1421 1490 et
1441 1456 1555 1491 edicto
1576 1470 1712 1504 propo-

347 1511 413 1544 sito
430 1511 564 1544 cunctis
579 1510 733 1545 venandi
752 1519 957 1557 potestatem
974 1518 1006 1543 et
1024 1510 1221 1544 facultatem
1238 1508 1382 1543 ademit.

366 1630 459 1677 Sed
485 1647 593 1676 cum
618 1630 718 1676 haec
741 1630 803 1675 ita
824 1629 1147 1685 decurrerent,
1169 1638 1383 1691 essetque
1401 1629 1448 1674 in
1467 1627 1718 1675 IIollandia

306 1708 523 1770 praefatus
553 1707 777 1753 dominus
813 1722 973 1752 comes
1006 1705 1066 1751 de
1102 1705 1370 1764 Clmroloz's,
1406 1715 1458 1751 ut
1489 1705 1712 1762 diximus,

305 1786 353 1829 in
377 1786 590 1830 animum
615 1800 753 1829 suum
774 1782 957 1828 induxit
977 1785 1269 1829 Francorum
1293 1798 1374 1827 rex
1398 1791 1543 1828 terras
1569 1783 1718 1827 Picar-

308 1861 394 1907 diae
413 1878 554 1925 super
571 1861 747 1906 flumen
767 1861 1040 1905 Summonae
1058 1868 1103 1904 et
1121 1859 1258 1914 ultra,
1280 1875 1439 1904 versus
1460 1858 1716 1915 Flandrias,

310 1955 336 1983 a
366 1949 498 2001 patre
530 1955 639 1993 suo,
666 1938 754 2002 piae
781 1936 1045 1995 memoriae,
1079 1936 1189 1982 duci
1219 1935 1609 1998 Burgundionum
1633 1951 1720 1998 pro

312 2031 496 2061 summa
520 2015 979 2078 quadringentorum
1006 2013 1133 2058 mille
1158 2023 1402 2059 scutorum
1429 2013 1530 2059 auri
1553 2013 1720 2075 pigno-

313 2096 471 2147 ratas¹,
498 2093 626 2138 luere
649 2102 695 2138 et
719 2091 780 2137 ad
803 2108 850 2137 se
875 2090 993 2136 velle
1017 2092 1276 2135 revocare².

382 2168 449 2213 Ad
474 2170 602 2231 quod
624 2168 946 2226 efficiendum,
971 2184 1079 2213 cum
1100 2167 1324 2230 pecunias
1346 2176 1530 2230 paratas
1554 2165 1613 2211 ad
1633 2165 1725 2211 hoc

316 2244 599 2290 sufficientes
620 2246 815 2291 minime
834 2245 1054 2302 haberet,
1080 2245 1235 2289 statim
1256 2244 1314 2289 ‹le
1338 2243 1483 2288 modo
1507 2243 1626 2288 facili
1650 2258 1726 2288 eas

317 2321 589 2366 inveniendi
612 2332 752 2384 atque
778 2323 823 2367 in
851 2339 997 2368 unuin
1020 2320 1302 2383 aggregandi
1326 2320 1574 2375 consilium
1598 2320 1727 2365 inve-

321 2399 403 2443 nit.
442 2401 470 2442 Α
507 2398 706 2460 przelatis
750 2400 877 2443 enim
923 2398 1067 2443 totius
1104 2398 1258 2459 regni,
1299 2407 1393 2443 tam
1426 2396 1729 2460 pontificibus

322 2491 464 2538 quam
489 2474 757 2532 abbatibus,
786 2476 866 2536 qui
892 2491 991 2519 rem
1012 2475 1216 2537 aliquam
1239 2473 1412 2519 habere
1433 2482 1725 2537 putarentur,

378 2613 412 2647 l.
447 2613 518 2647 Par
539 2610 573 2646 le
594 2609 701 2646 traitc
726 2608 881 2645 ‹l’Arras
896 2637 905 2653 ‚
927 2622 973 2644 cn
1004 2611 1123 2655 1425,
1145 2610 1240 2646 ainsi
1261 2621 1334 2658 que
1364 2607 1526 2646 l'auteur
1547 2608 1594 2645 l'a
1611 2607 1731 2658 expli-

322 2671 396 2720 que
417 2669 510 2706 dans
532 2669 726 2705 l'HiStoire
751 2669 797 2702 (le
820 2667 970 2703 (Jlmrles
992 2670 1086 2710 l'll‚
1111 2668 1132 2704 l.
1157 2670 1230 2712 ΙΙΙ,
1252 2681 1286 2703 c.
1310 2682 1337 2704 1.

380 2732 416 2766 2.
446 2732 498 2766 La
520 2727 763 2765 commission
788 2725 936 2762 ‹lonnec
959 2738 1055 2774 pour
1076 2725 1109 2761 lc
1131 2726 1258 2762 racliat
1278 2734 1333 2762 est
1353 2725 1402 2761 du
1428 2728 1470 2761 :21
1499 2728 1587 2761 aout
1611 2726 1727 2762 1463.
