1923 3020
715 225 860 261 LIBER
889 224 1153 262 SECUNDUS.
1562 226 1580 261 1
1589 227 1636 261 47

236 314 405 359 ducem
428 329 624 371 novum,
648 328 757 358 cum
775 312 850 359 ille
870 312 969 358 dies
985 312 1167 359 adesset
1181 327 1276 375 quo
1297 328 1345 358 se
1359 313 1637 376 promiserat

236 391 569 436 adventurum.
597 392 840 435 Venerunt
861 398 1019 435 autem
1039 389 1175 435 simul
1209 391 1256 434 in
1292 388 1452 436 debito
1475 406 1528 436 ac
1554 391 1639 437 de—

237 467 360 512 centi
384 466 550 512 ordine
575 483 720 529 usque
740 466 800 512 ad
823 466 1064 530 praefatum
1080 467 1436 527 monasterium,
1460 466 1639 531 absque

239 544 333 589 ullo
361 560 553 606 prorsus
590 544 795 590 tumultu
820 544 893 591 vel
917 545 1129 608 strepitu,
1158 543 1337 608 populo
1360 545 1521 607 quieto
1546 561 1642 592 ma-

236 630 376 667 nente
403 621 449 665 in
476 620 676 666 civitate.
706 621 776 668 Ad
798 637 941 684 quam
963 621 1130 680 etiam,
1167 637 1278 666 cum
1301 638 1387 667 suo
1414 622 1535 668 duce
1561 639 1641 668 ex-

236 697 511 762 spectabant
545 709 684 762 atque
723 699 980 764 sperabant
1007 698 1260 758 advenire,
1295 715 1500 762 eumque
1546 716 1644 746 non

237 776 392 821 minus
428 791 572 838 quam
604 793 741 822 suum
766 776 1035 840 proprium,
1068 775 1226 822 festive
1257 785 1301 821 et
1330 775 1541 823 hilariter
1572 794 1646 823 ex-

236 853 391 915 cipere
410 852 580 899 ducem
606 854 868 900 Britanniae.
897 853 989 898 Sed
1020 852 1114 898 heu
1143 852 1287 915 (proh
1311 852 1499 915 dolor)!
1536 863 1646 900 tunc

236 928 374 975 dolus
396 967 406 987 ,
451 931 532 993 qui
576 930 657 976 diu
705 931 902 976 latuerat
924 967 935 989 ,
981 930 1027 974 in
1069 939 1281 992 apertam
1328 931 1646 977 manifestam·

236 1023 328 1068 que
364 1006 517 1053 lucem
555 1008 739 1071 erupit,
776 1017 821 1054 et
845 1007 1025 1053 cunctis
1058 1006 1243 1070 patulus
1279 1016 1324 1052 et
1362 1010 1648 1071 conspicuus

236 1082 337 1129 fuit.
356 1086 473 1130 Nam
488 1083 582 1129 dux
606 1085 703 1147 ipse
720 1083 984 1143 Britanniae,
1002 1099 1028 1129 a
1043 1083 1200 1147 pravis
1216 1082 1493 1130 hominibus
1510 1084 1649 1131 Belial

235 1159 509 1207 satellitibus
550 1178 825 1225 persuasus,
867 1160 1063 1206 minime
1097 1159 1270 1206 ducem
1303 1176 1484 1206 novum
1519 1178 1649 1208 asso-

236 1236 358 1282 ciare
386 1237 559 1295 voluit,
592 1237 674 1283 sed
694 1236 753 1283 ab
775 1253 832 1283 eo
856 1253 904 1283 se
928 1236 1114 1300 penitus
1139 1236 1340 1299 sejunxit
1365 1247 1407 1283 et
1429 1236 1647 1284 abscidit.

300 1313 390 1359 Sed
418 1331 516 1359 non
542 1331 599 1360 eo
622 1314 777 1360 minus
801 1314 937 1360 valde
960 1313 1236 1360 solemniter
1266 1314 1353 1360 fuit
1376 1332 1530 1362 novus
1555 1316 1649 1362 dux

236 1391 281 1435 in
305 1408 437 1437 suam
466 1391 648 1452 urbem,
677 1409 786 1438 cum
814 1392 911 1454 jam
934 1408 1030 1437 nox
1053 1401 1173 1438 esset
1197 1391 1418 1453 obscura,
1450 1410 1559 1440 cum
1586 1396 1650 1442 fa-

235 1467 366 1514 cibus
390 1479 435 1514 et
460 1468 588 1514 taedis
612 1470 842 1532 plurimis,
870 1468 1089 1515 tenebras
1109 1469 1261 1516 noctis
1284 1470 1583 1534 abigentibus
1604 1482 1649 1519 et

235 1546 559 1604 vincentibus,
586 1546 916 1605 introductus,
944 1563 1053 1593 cum
1077 1563 1251 1610 magno
1276 1549 1420 1595 totius
1450 1549 1580 1597 urbis
1603 1561 1649 1598 et

235 1623 400 1687 populi
424 1624 691 1688 applausu¹.
731 1627 951 1682 Quorum
974 1635 1132 1672 tamen
1156 1625 1446 1674 alacritatem
1467 1638 1513 1675 et
1539 1630 1648 1676 laeti-

233 1704 345 1750 tiam
372 1721 468 1750 non
501 1721 668 1768 parum
698 1704 984 1751 amaricabat
1006 1705 1401 1770 deturbabatque,
1425 1709 1557 1771 quod
1580 1712 1646 1758 sic

233 1781 354 1826 inter
394 1781 657 1844 principes,
691 1780 936 1844 paululum
969 1791 1106 1828 antea
1146 1792 1277 1829 tanta
1311 1783 1643 1832 benevolentia

230 1858 434 1919 junctos,
462 1859 550 1904 tale
570 1874 624 1904 ac
648 1868 832 1905 tantum
857 1858 1082 1905 obortum
1104 1876 1203 1906 esse
1229 1860 1487 1908 audiebant
1509 1863 1642 1910 dissi-

233 1934 382 1980 dium.
419 1938 485 1981 Ea
508 1935 742 1998 siquidem
768 1945 904 1981 nocte
937 1952 1031 1999 qua
1065 1937 1303 1998 ingressus
1327 1949 1395 1985 est
1418 1939 1642 1988 dominus

233 2012 454 2070 Carolus,
496 2013 796 2058 Normanniae
829 2012 947 2072 dux,
995 2013 1268 2076 praedictam
1304 2032 1437 2063 suam
1472 2018 1639 2066 urbem

234 2087 599 2152 Rothomagum,
622 2088 896 2151 retrogrado
925 2091 1120 2152 vestigio
1138 2090 1234 2136 dux
1254 2093 1500 2140 Britonum
1528 2112 1637 2142 cum

233 2166 327 2211 suis
367 2166 428 2212 ad
469 2166 849 2212 Pontem-Archa}
884 2167 1142 2229 repedavit.
1178 2169 1270 2225 Qui
1308 2179 1354 2216 et
1388 2188 1638 2234 persuasus

234 2241 525 2304 perfidorum
545 2244 796 2289 satellitum
820 2259 1015 2289 suorum
1040 2246 1415 2307 suggestionibus
1435 2250 1562 2313 (qui,
1590 2268 1638 2298 se

232 2318 404 2365 iterum
426 2321 486 2367 ad
510 2338 667 2383 regem
696 2321 1017 2379 revolventes,
1053 2322 1239 2385 potiora
1265 2323 1398 2372 lucra
1426 2337 1471 2372 et
1497 2344 1638 2375 com—

232 2397 405 2457 pendia
426 2398 485 2444 de
506 2415 563 2444 eo
591 2398 654 2444 ob
676 2398 950 2461 hujusmodi
977 2414 1108 2445 suam
1132 2400 1364 2464 insignem
1390 2404 1638 2467 perfidiam

287 2592 323 2628 1.
359 2592 463 2628 Cette
485 2591 700 2629 ceremonie
727 2599 790 2628 eut
816 2590 892 2628 lieu
917 2590 952 2628 le
977 2591 1025 2627 10
1053 2589 1256 2630 decembre
1277 2595 1403 2642 1465,
1435 2594 1585 2646 d'apres
1609 2597 1643 2636 le

233 2648 392 2700 registre
419 2649 643 2700 capitulaire
675 2650 722 2687 de
752 2649 895 2701 l’e'glise
921 2649 968 2687 de
992 2653 1141 2688 Rouen.
1163 2652 1433 2691 Voirl’extrait
1464 2658 1644 2706 rapporte

237 2708 360 2759 parmi
381 2708 434 2746 les
455 2709 581 2760 pieces
601 2709 653 2747 du
668 2710 861 2748 troisieme
881 2710 1048 2749 volume.
