1923 3020
690 451 1302 519 HISTORIARUM

866 619 944 660 ,DE
967 619 1097 653 annus

445 752 521 852 Α
618 751 1310 855 LUDOVICO
1406 753 1540 856 XI

649 959 1101 1018 FRANCORUM
1152 960 1341 1020 REGE

512 1124 576 1168 ET
600 1124 699 1169 sno
722 1125 972 1170 TEMPORE
995 1126 1052 1171 IN
1077 1125 1275 1171 GALLIA
1296 1124 1480 1170 GEsns

750 1273 943 1325 LIBER
985 1273 1245 1326 PRIMUS.

679 1524 1015 1568 CAPITULUM
1048 1523 1295 1570 PRIMUM.

291 1641 461 1683 Qualiter,
487 1649 626 1674 mortuo
662 1650 779 1687 patre,
805 1641 1002 1675 Ludovicus
1034 1643 1106 1687 ejus
1133 1641 1405 1688 primogenitus,
1433 1642 1539 1677 fretus
1563 1644 1694 1678 auxilio

338 1693 502 1739 Philippi,
518 1693 808 1739 Burgundionum
824 1694 936 1738 ducis,
952 1707 985 1729 se
1003 1694 1193 1741 adparabat
1208 1694 1254 1729 ad
1274 1694 1543 1730 nanciscendam
1559 1697 1694 1743 paterni

339 1746 435 1792 regni
454 1747 716 1792 possessionem.

358 1866 541 1909 Mortuo
556 1866 724 1910 Carolo
739 1868 1024 1911 Francorum
1047 1882 1154 1929 rege
1171 1866 1339 1912 illustri
1352 1869 1380 1924 ¹,
1407 1865 1691 1925 Ludovicus‚

293 1941 390 2003 ejus
425 1940 547 1987 filius
585 1942 954 2004 primogenitus,
998 1943 1044 1987 in
1078 1959 1225 2005 regno
1256 1943 1477 1989 successit
1502 1979 1512 1998 ‚
1550 1941 1696 1989 haeres

292 2016 484 2079 quidem
509 2028 737 2063 terrarum
767 2028 810 2063 et
842 2019 1130 2080 patrimonii,
1163 2018 1243 2066 sed
1270 2035 1431 2064 exsors
1459 2019 1598 2081 longe
1623 2019 1695 2065 ni-

293 2094 442 2139 mium
478 2094 637 2157 (proh
676 2093 853 2155 dolor)
892 2104 937 2139 et
974 2095 1154 2140 alienus
1192 2112 1218 2141 a
1254 2095 1530 2158 prudentia,
1569 2095 1692 2154 fide,

287 2171 460 2232 justitia
496 2172 765 2233 caeterisque
799 2172 1005 2234 paternis
1043 2171 1293 2217 virtutibus
1328 2190 1336 2217 :
1379 2172 1535 2231 unde,
1586 2189 1696 2220 cum

292 2249 351 2294 ad
387 2249 690 2295 scribendum
726 2265 798 2294 res
832 2265 916 2311 per
955 2266 1064 2294 eum
1097 2259 1246 2312 gestas
1277 2249 1501 2296 accedere
1521 2286 1531 2305 ‚
1564 2250 1695 2312 juxta

292 2325 679 2388 pollicitationem
704 2335 931 2384 nostram,
956 2325 1196 2385 vellemus,
1225 2325 1356 2373 dubii
1377 2327 1696 2390 ancipitesque

291 2401 425 2446 valde
450 2401 621 2447 fuimus
648 2402 757 2446 idne
780 2403 968 2463 exsequi
991 2403 1380 2463 aggrederemur,
1409 2404 1480 2449 vel
1507 2405 1662 2466 potius
1679 2442 1691 2460 ,

290 2477 409 2539 stylo
433 2478 709 2540 calamoque
736 2478 869 2523 serias
894 2478 1173 2537 indicentes,
1202 2495 1229 2525 a
1256 2480 1427 2525 nostris
1451 2481 1696 2543 proposito

291 2564 336 2600 et
359 2555 695 2618 pollicitatione
721 2555 1021 2602 resiliremus.
1045 2557 1338 2603 Verebamur
1361 2573 1531 2620 nempe
1555 2573 1630 2615 ne,
1659 2557 1697 2602 si

293 2632 390 2694 ejus
414 2630 616 2694 plurima
642 2632 783 2691 vafre,
810 2632 992 2691 callide,
1020 2633 1216 2697 perfide,
1252 2634 1408 2691 stulte,
1437 2634 1698 2697 perniciose

349 2771 385 2807 ¹.
418 2770 466 2805 *22
488 2768 611 2816 juillet
636 2770 751 2807 1461.

507 2853 538 2874 u
1464 2841 1480 2874 ί
