1923 3020
700 275 842 311 LIBER
870 274 1051 311 PRIMUS
1058 300 1066 308 .
1528 276 1570 310 51

189 377 283 404 non
317 360 494 422 absque
522 358 788 421 ingentibus
812 374 1010 404 moerore
1033 367 1078 403 et
1103 357 1319 404 lamentis
1351 359 1397 404 in
1424 359 1578 404 Scotia

190 435 366 481 relicto.

254 513 359 556 Haec
386 511 512 556 fuere
545 512 738 570 auxilia,
777 511 875 556 hrec
905 511 1208 557 humanitatis
1252 512 1414 557 solatia
1443 528 1575 574 quae,

190 586 249 632 ad
272 602 428 648 regem
452 591 759 646 Francorum,
792 597 921 633 tanto
947 588 1307 650 propinquitatis
1339 605 1462 633 nexu
1491 588 1580 634 sibi

188 663 385 725 viroque
419 680 504 708 suo
541 664 874 725 conjunctum,
916 664 1217 726 confugiens,
1260 666 1359 728 ipsa
1393 665 1582 710 illustris

193 738 444 799 Anglorum
471 740 629 801 regina
652 741 830 785 invenit
865 757 873 784 :
911 739 1048 802 longe
1071 740 1281 803 profecto
1307 757 1360 787 ac
1384 742 1582 787 nimium

192 813 262 859 his
292 815 515 878 imparia,
557 832 658 878 quae
693 817 796 879 pius
827 816 1010 877 genitor
1043 833 1153 861 suus
1184 816 1377 862 Carolus
1409 817 1583 864 eisdem

191 890 283 936 suis
306 892 469 954 nepoti
502 893 721 955 neptique
748 930 759 949 ‚
797 892 885 937 nisi
910 892 958 936 in
983 891 1074 937 fata
1095 893 1400 939 concessisset
1426 931 1437 953 ‚
1471 910 1585 958 prae-

190 977 309 1028 stare
332 969 605 1032 adparabat.

649 1169 983 1213 CAPITULUM
1020 1170 1116 1213 XV.

193 1304 350 1347 Qualiter
366 1303 577 1336 Francorum
595 1314 655 1335 rex
672 1315 751 1336 cum
768 1302 946 1346 Edoard0‚
961 1304 1154 1349 Anglorum
1171 1303 1362 1352 [tyranno],
1380 1305 1479 1338 binas
1495 1314 1587 1340 treu-

239 1369 297 1404 gas
319 1356 393 1389 iniit
410 1357 559 1389 exitiales
575 1356 744 1398 Henrico,
764 1358 953 1402 Anglorum
971 1357 1060 1402 regi,
1087 1358 1298 1392 consobrino
1319 1371 1400 1401 suo;
1424 1360 1484 1405 qui
1501 1359 1587 1394 deli-

240 1418 370 1444 tescens
384 1411 417 1442 in
435 1410 642 1443 monasterio
657 1423 767 1456 prope
783 1410 868 1444 fines
885 1411 979 1457 regni
996 1411 1061 1453 sui,
1078 1411 1239 1457 proditus
1254 1411 1434 1456 Edoardo,
1453 1413 1496 1447 ab
1512 1413 1588 1459 ipso

240 1463 276 1496 in
291 1463 396 1497 Turri
417 1461 682 1496 Londoniarum
702 1464 830 1498 carceri
846 1472 895 1497 est
911 1464 1139 1511 mancipatus.

258 1584 347 1630 Sed
373 1594 416 1630 et
447 1601 543 1629 non
569 1584 707 1646 longe
736 1593 985 1647 postquam
1011 1584 1176 1630 eadem
1201 1587 1360 1648 regina
1383 1587 1429 1632 in
1445 1590 1586 1634 Fran-

194 1663 312 1707 ciam
338 1661 634 1717 adventarat,
663 1669 708 1705 et
731 1660 883 1705 eidem
904 1660 1058 1706 verbis
1087 1678 1256 1723 magna
1279 1680 1326 1708 se
1352 1664 1588 1710 exhibitu-

195 1754 300 1783 rum
337 1738 500 1782 solatia
535 1753 613 1782 rex
651 1736 1009 1800 spoponderat,
1052 1738 1208 1784 modis
1244 1740 1466 1786 omnihus
1488 1747 1589 1804 'per

195 1814 404 1860 medium
427 1814 608 1859 comitis
632 1813 690 1858 de
713 1813 971 1872 Wam’elz¹,
1000 1830 1139 1876 quem
1170 1832 1455 1880 magnopere
1478 1827 1589 1863 tunc

193 1891 407 1948 colebat,
447 1890 671 1935 amicitias
693 1899 832 1951 atque
867 1889 1041 1936 foedera
1058 1891 1269 1938 Edoardi
1305 1894 1423 1955 regis
1448 1911 1586 1958 expe-

195 1977 289 2013 tere
309 1984 356 2012 se
377 1966 594 2012 ostendit.
621 1965 907 2027 Agnoscebat
926 1967 1146 2013 eumdem
1165 1970 1386 2014 comitem
1399 1981 1586 2018 versuto

195 2043 442 2089 callentem
469 2043 682 2104 ingenio7
717 2042 776 2087 ad
808 2042 1086 2089 tradimenta
1111 2060 1163 2089 ac
1189 2045 1479 2107 proditiones
1510 2049 1586 2093 in—

194 2130 507 2165 strumentum
533 2119 757 2164 idoneum
778 2155 789 2177 ⁷
830 2135 1021 2182 sperans
1056 2120 1154 2182 ejus
1185 2131 1284 2167 astu
1309 2159 1320 2182 ⁷
1357 2123 1588 2188 quidquid

195 2197 530 2253 desiderasset,
584 2212 718 2258 posse
757 2196 982 2258 consequi
1022 2196 1080 2242 de
1128 2198 1382 2260 Anglorum
1419 2217 1583 2264 regno.

199 2273 331 2318 L‘nde
368 2273 587 2319 eumdem
628 2272 848 2316 comitem
882 2272 1055 2335 pluries
1086 2273 1346 2322 sollicitavit
1380 2278 1586 2322 muneri-

195 2350 375 2413 busque
412 2350 600 2414 pellexit
637 2358 715 2406 ut,
762 2349 821 2394 ad
846 2349 1134 2411 colloquium
1166 2367 1273 2397 cum
1303 2368 1360 2398 eo
1392 2353 1585 2399 familia-

196 2426 290 2471 rius
325 2425 620 2481 habeudum,
652 2424 725 2469 vel
755 2424 815 2469 ad
841 2424 1230 2486 Abbatisvillam²‚
1268 2427 1341 2473 vel
1370 2429 1429 2475 ad
1459 2430 1584 2476 aliud

249 2566 283 2598 1.
316 2560 478 2596 Richard
504 2559 634 2605 Nevil,
663 2568 784 2596 comte
815 2559 862 2596 de
882 2560 1068 2598 lVarwick
1096 2570 1132 2598 ct
1161 2562 1207 2600 de
1234 2563 1443 2614 Salisbury,
1466 2565 1585 2615 grand

195 2618 408 2658 charnbrier
426 2618 704 2667 ‹llxngleterrq
719 2617 753 2654 le
769 2619 889 2654 meme
906 2617 998 2655 dont
1013 2619 1038 2656 il
1059 2634 1080 2658 a
1093 2621 1150 2657 etc‘
1164 2622 1268 2671 parle
1288 2622 1381 2660 dans
1398 2623 1588 2661 l’Histoire

195 2679 241 2716 de
261 2678 413 2715 Charles
432 2679 515 2722 VH,
537 2677 561 2712 l.
585 2678 630 2722 V,
654 2690 686 2713 c.
710 2689 787 2713 xv1.

248 2740 284 2774 2.
317 2736 528 2775 Abbeville.
