1923 3020
747 209 888 245 LIBER
917 208 1132 243 TERTIUS.
1565 207 1640 245 279

245 311 492 356 germanus
516 294 790 339 comitatum
814 294 1042 351 Pictaviae‚
1071 310 1178 339 cum
1203 303 1324 338 terra
1348 309 1489 355 quam
1514 309 1645 338 acce-

248 381 397 434 perat,
428 386 672 433 nuuquam
708 369 973 428 habuisset,
1000 371 1085 415 uisi
1113 369 1370 433 quemdam
1395 370 1645 414 dominum

246 447 304 493 de
341 448 537 501 Corlon,
573 447 700 510 apud
738 447 959 492 eumdem
996 463 1134 493 suum
1170 462 1445 509 germanum
1480 447 1646 509 praeci-

244 540 410 588 puum,
431 539 613 569 sumnia
634 533 837 586 quatuor
855 534 933 569 aut
952 525 1162 586 quinque
1184 524 1383 569 millium
1402 533 1646 570 scutorum

247 601 573 663 corrupisset¹.
612 605 836 646 Putaruut
883 603 1021 647 etiam
1060 603 1135 648 alii
1179 601 1346 647 saetam
1375 601 1647 663 hujusmodi

247 677 578 723 discessionem
606 688 856 740 propterea
891 678 1023 740 quod
1053 695 1232 739 regem,
1261 678 1447 723 fratrem
1486 695 1648 735 suum,

247 757 345 818 ipse
378 755 600 800 domiuus
628 756 821 801 Carolus
851 757 1049 801 nimium
1085 757 1290 814 timeret,
1327 766 1371 802 et
1404 766 1653 821 propterea

247 849 294 878 se
335 832 556 877 adversus
586 834 845 894 potentiam
888 833 1039 878 fratris
1073 834 1144 878 sui
1185 833 1482 894 conjunxisse
1520 834 1654 880 duci-

247 907 336 953 bus
362 907 638 969 Burguudiae
664 918 707 953 et
735 909 1010 964 Britanuiae3
1040 910 1172 970 cujus
1198 911 1339 954 etiam
1373 911 1655 971 Burgundiae

248 985 380 1031 ducis
405 984 547 1030 filiam
583 985 768 1030 unicam
784 988 796 1009 ²
817 986 1119 1031 matrimonio
1144 986 1358 1048 accipere
1383 986 1654 1033 confidebat

248 1073 292 1108 et
332 1062 529 1107 firmiter
562 1063 799 1124 sperabat,
827 1079 880 1107 ex
904 1078 996 1123 qua
1023 1062 1108 1106 sibi
1139 1063 1300 1107 omnia
1329 1062 1537 1124 ejusdem
1562 1064 1655 1108 du-

248 1140 313 1184 cis
344 1139 555 1184 domiuia
577 1138 891 1200 pulcherrima
921 1138 1182 1200 potuissent
1211 1139 1478 1201 provenire.
1513 1143 1658 1187 Natus

248 1216 373 1261 enim
409 1216 536 1260 fratri
567 1232 653 1260 suo
688 1216 782 1277 regi
819 1231 937 1278 puer
965 1214 1200 1260 masculus
1239 1225 1338 1260 erat
1369 1216 1448 1261 illo
1484 1220 1652 1274 anno',

247 1290 421 1336 habere
448 1302 640 1354 propter
668 1307 808 1353 quem
835 1290 1023 1335 fratrem
1054 1308 1194 1336 suum
1219 1292 1364 1353 magis
1387 1302 1656 1354 suspectum

248 1367 347 1430 ipse
366 1383 446 1412 rex
472 1367 721 1423 ferebatur,
754 1384 840 1423 ne,
878 1367 914 1412 si
939 1368 1057 1412 forte
1086 1367 1175 1413 sibi
1199 1369 1546 1431 superviveret,
1574 1386 1656 1416 cu-

248 1443 442 1506 piditate
458 1444 471 1465 ὃ
494 1443 720 1505 regnandi
745 1443 957 1489 sobolem
989 1444 1134 1506 ipsius
1158 1445 1491 1506 exstingueret.

316 1524 532 1566 Potuerat
557 1521 698 1566 etiarn
731 1520 857 1566 idem
887 1521 1110 1567 domiuus
1134 1523 1352 1577 Carolus,
1380 1524 1655 1586 priusquam

250 1596 369 1642 filius
399 1598 518 1659 regis
549 1608 686 1643 natus
715 1598 895 1653 fuisset,
924 1615 1055 1661 spem
1085 1599 1266 1645 habens
1298 1600 1429 1663 quod
1460 1617 1486 1646 a
1514 1601 1655 1648 fratre

249 1689 360 1728 suo,
398 1673 529 1719 nulio
566 1674 726 1719 relicto
765 1674 887 1731 filio,
914 1676 1045 1735 regui
1072 1676 1304 1721 successio
1331 1676 1390 1722 ad
1415 1677 1570 1740 ipsum
1599 1695 1655 1724 ex

250 1760 402 1795 morte
433 1750 585 1795 fratris
627 1760 911 1812 perventura
942 1761 1092 1810 esset,
1132 1763 1244 1798 tunc
1276 1763 1527 1799 contentus
1560 1770 1656 1800 ma-

251 1843 360 1872 nere
404 1827 463 1872 de
507 1827 726 1889 portione
776 1844 918 1889 quam
955 1838 1221 1892 acceperat,
1262 1846 1344 1892 spe
1386 1830 1530 1875 fretus
1571 1830 1655 1876 ali-

251 1903 444 1964 quando
468 1902 688 1947 omuibus
718 1903 884 1965 potiri,
913 1913 956 1948 et
987 1904 1117 1965 quod
1154 1905 1213 1949 ad
1244 1921 1353 1949 eum
1377 1921 1558 1951 summa
1582 1915 1656 1951 to-

253 1978 343 2023 tius
380 1980 508 2041 regui
541 1980 767 2023 Franciae⁵
795 1979 1091 2025 devolvenda
1129 1980 1264 2026 foret.
1302 1983 1407 2037 Qua
1429 1997 1511 2044 spe
1546 1999 1653 2028 cum

305 2141 341 2176 1.
373 2141 554 2176 L'auteur
573 2140 716 2176 enonce
737 2139 808 2176 mal
831 2153 882 2175 un
903 2140 969 2176 fait
995 2140 1058 2189 qui
1080 2150 1135 2178 est
1157 2142 1336 2192 rapporte
1364 2155 1433 2192 par
1455 2142 1654 2195 l⁷interpo-

251 2196 373 2233 lateiu·
400 2197 446 2234 de
477 2198 512 2234 la
543 2198 760 2247 Chronique
782 2197 1047 2246 scandaleuse,
1071 2200 1198 2236 savoir
1225 2213 1300 2249 que
1319 2200 1465 2238 Gilbert
1487 2204 1534 2239 de
1555 2203 1654 2240 Cha-

251 2255 412 2302 baunes,
434 2257 611 2307 seigneur
641 2257 686 2294 de
708 2260 846 2295 Curton
866 2287 875 2303 ‚
899 2266 934 2294 et
956 2271 1006 2294 un
1030 2267 1137 2295 autre
1158 2268 1333 2308 recusent
1357 2259 1421 2297 dix
1443 2261 1545 2298 mille
1568 2263 1656 2300 ecus

251 2327 348 2363 pour
378 2314 531 2351 dec-ider
564 2316 597 2352 le
624 2316 755 2365 prince
792 2319 811 2352 ἐι
843 2329 882 2353 se
916 2330 1045 2366 passer
1075 2317 1126 2354 du
1160 2318 1315 2363 Poitou,
1349 2319 1440 2368 qu'il
1468 2321 1570 2357 avait
1597 2322 1656 2358 ete

251 2372 408 2409 d’abord
433 2374 606 2423 question
638 2374 684 2410 de
710 2374 862 2421 joindre
883 2377 902 2411 ἐι
923 2375 958 2412 la
978 2375 1150 2413 Guienue
1164 2406 1174 2423 ‚
1200 2391 1297 2428 pour
1315 2377 1459 2415 former
1477 2392 1545 2416 son
1567 2392 1656 2430 apa-

253 2443 363 2481 uage.

305 2491 341 2525 Q.
374 2491 602 2541 Marguerite
623 2491 670 2528 de
690 2494 929 2543 Bourgogue,

307 2551 342 2586 3.
374 2550 478 2587 Celui
497 2550 562 2598 qui
584 2551 639 2587 fut
661 2551 794 2601 depuis
818 2552 970 2589 Charles
987 2555 1089 2600 VIII,
1110 2554 1158 2590 ne'
1181 2555 1215 2591 ie
1237 2557 1283 2591 30
1297 2555 1381 2601 juin
1402 2557 1518 2593 1470.

307 2610 343 2645 4.
378 2610 575 2657 Cupiditas
591 2609 683 2647 dans
697 2610 732 2647 le
753 2624 823 2648 ms.

308 2670 343 2702 5.
374 2670 580 2707 *Britanniae
600 2667 692 2705 dans
711 2668 745 2705 le
767 2682 836 2706 ms.
