1923 3020
286 234 360 270 358
649 230 989 269 HISTORIARUM
1016 231 1252 268 LUDOVICI
1281 232 1336 267 XI

282 321 584 368 multitudine
597 319 810 380 equitum
825 328 871 365 et
885 317 1099 381 peditum
1110 317 1405 375 tutabantur3
1425 334 1514 366 nec
1528 321 1696 382 procul

281 417 360 446 rex
378 400 476 462 ipse
494 400 785 441 Francorum
805 395 986 441 aberat.
1005 396 1148 457 Igitur
1164 412 1272 440 cum
1292 395 1418 442 idem
1438 396 1695 459 Anglorum

281 494 358 523 rex
391 475 452 520 ad
496 475 647 538 ripam
682 473 927 532 fluminis¹‚
962 490 1019 519 ex
1057 483 1189 536 parte
1219 482 1453 520 terrarum
1488 477 1696 537 Burgun-

279 553 477 598 dionum
507 550 664 608 ducis,
691 560 842 595 castra
868 559 1068 596 metatus
1101 549 1299 606 suisset²‚
1335 560 1696 613 coarctatusque

277 628 370 673 illic
397 637 443 673 et
470 625 638 671 diebus
664 625 845 688 aliquot
877 635 1165 683 remoratus,
1203 626 1346 690 coepit
1378 627 1577 689 experiri
1610 626 1693 673 ali-

276 704 422 750 menti
446 714 492 750 et
518 702 681 767 pabuli
713 712 758 748 et
790 703 1103 766 pecuniarum
1126 704 1376 766 penuriam
1403 713 1543 765 atque
1568 703 1696 750 (1616-

275 793 422 829 ctum.
451 784 666 844 Cumque
691 780 834 843 aliqui
864 780 923 826 de
949 781 1044 825 suis
1074 780 1133 825 ad
1157 780 1486 843 pabulandum
1519 782 1695 827 flumen

275 859 670 923 pertransiissent,
695 858 821 904 illico
839 859 887 903 in
906 858 1076 904 milites
1095 860 1404 913 Francorum,
1425 859 1507 921 qui
1528 875 1695 904 eorum

275 935 651 1000 opperiebantur
685 935 968 993 adventum,
1008 935 1332 991 incurrerunt,
1364 935 1442 996 qui
1471 950 1551 979 eos
1575 934 1695 980 virili

277 1013 451 1059 robore
465 1022 605 1075 atque
624 1012 923 1058 animositate
940 1011 1244 1073 excipientes,
1266 1011 1509 1057 nonnullis
1529 1027 1696 1056 eorum

274 1092 401 1138 caesis
420 1100 500 1137 aut
515 1091 684 1154 captis,
703 1090 910 1152 reliquos
925 1088 1123 1152 pavidos
1141 1098 1186 1133 et
1201 1097 1456 1134 trementes
1473 1089 1519 1133 in
1538 1089 1695 1151 fugam

273 1178 549 1232 coegerunt.
584 1171 648 1212 Ex
680 1183 777 1230 quo
805 1166 1037 1223 deterriti⁷
1071 1166 1153 1227 qui
1188 1165 1235 1210 in
1267 1165 1432 1210 castris
1464 1166 1697 1211 constite—

273 1256 396 1306 rant⁷
424 1254 707 1310 perurgente
732 1260 813 1288 eos
837 1243 979 1288 etiam
1004 1241 1145 1298 fame,
1176 1241 1309 1287 nullo
1331 1241 1478 1287 modo
1500 1243 1698 1290 transire

274 1324 453 1369 flumen
477 1333 619 1385 atque
644 1321 855 1366 hostium
882 1318 1065 1381 ingredi
1090 1328 1236 1364 terras
1257 1319 1355 1364 ausi
1377 1319 1590 1377 fuerunt3
1615 1320 1697 1366 sed

274 1401 395 1446 inter
426 1417 474 1445 se
508 1406 860 1444 murmurantes
894 1407 939 1442 et
972 1405 1140 1442 contra
1170 1413 1309 1441 suum
1342 1413 1527 1458 regem,
1565 1397 1698 1460 quod

274 1478 580 1524 circumventi
605 1476 776 1534 forent,
800 1491 890 1520 nec
911 1475 977 1520 eis
1004 1473 1122 1519 fides
1146 1490 1172 1520 a
1198 1474 1318 1520 duce
1347 1475 1628 1536 Burgundiae
1651 1486 1699 1522 et

275 1556 375 1602 aliis
411 1557 457 1601 in
493 1554 643 1600 Gallia
677 1552 767 1598 sibi
808 1552 1043 1598 foederatis
1076 1552 1390 1612 servaretur(
1396 1552 1502 1613 qui,
1544 1562 1597 1598 ut
1632 1553 1699 1599 eis

275 1634 539 1698 pollicitum
566 1632 731 1687 fuerat,
756 1648 804 1676 se
830 1647 922 1677 una
947 1630 1236 1692 conjungere
1260 1629 1564 1692 debuerant),
1589 1647 1701 1693 que·

276 1711 394 1756 relas
412 1726 606 1771 magnas
625 1709 684 1754 de
702 1708 974 1772 proditione
992 1717 1036 1753 et
1054 1705 1254 1770 perfidia
1274 1723 1412 1767 agere
1433 1719 1695 1770 coeperunt,

276 1788 411 1852 quasi
434 1788 482 1833 in
510 1787 665 1833 fauces
692 1796 738 1831 et
763 1787 810 1831 in
839 1802 1008 1831 manus
1033 1784 1246 1830 hostium
1274 1783 1493 1847 perducti
1516 1787 1700 1849 exposi-

276 1867 406 1929 tique
427 1881 526 1910 esse
546 1863 840 1909 viderentur.
863 1865 1077 1925 Cumque
1102 1862 1148 1907 in
1175 1861 1274 1907 dies
1294 1862 1447 1924 major
1470 1878 1524 1907 ac
1548 1863 1700 1925 major

279 1944 425 1988 fames
447 1958 528 1987 eos
551 1951 824 2005 perurgeret
848 1940 1289 2002 constringeretque
1314 1940 1588 1999 necessitaS‚
1618 1942 1701 2003 qui

279 2020 407 2065 velut
430 2019 702 2065 effoeminati
725 2034 780 2064 ac
800 2018 1002 2063 nimium
1025 2016 1210 2081 pavidi,
1241 2033 1328 2063 1166
1355 2016 1475 2061 infra
1494 2019 1700 2063 Franco-

281 2113 388 2142 rum
413 2097 584 2142 limites
610 2095 782 2160 pedem
815 2096 990 2140 intrare
1021 2094 1276 2153 auderent,
1315 2095 1457 2157 coepit
1485 2111 1702 2141 murmur

283 2187 450 2218 eorum
479 2182 524 2218 et
548 2172 741 2235 querela
770 2180 872 2217 tum
896 2171 1122 2217 adversus
1146 2187 1282 2216 suum
1306 2186 1488 2231 regem,
1516 2180 1618 2216 tum
1655 2181 1701 2217 et

284 2249 508 2296 adversus
548 2249 794 2312 praefatum
827 2248 1000 2296 ducem
1034 2264 1088 2294 ac
1124 2264 1234 2293 suos
1274 2247 1526 2293 foederatos
1566 2248 1698 2294 inva-

284 2327 474 2372 lescere.

349 2402 493 2460 Quod
517 2419 622 2448 cum
648 2404 744 2467 ipse
773 2403 1028 2465 anglorum
1052 2419 1133 2448 rex
1156 2403 1220 2448 ita
1244 2401 1347 2447 fieri
1370 2401 1576 2461 videret,
1602 2402 1701 2447 ani-

285 2496 513 2543 mumque
547 2496 658 2525 suos
689 2480 747 2525 ad
776 2480 1073 2527 invadendos
1101 2479 1262 2526 hostes
1286 2479 1508 2537 deficere,
1535 2479 1615 2542 qui
1639 2476 1698 2523 ad

342 2608 380 2643 1.
410 2609 463 2644 La
487 2608 656 2644 Somme.

343 2669 380 2705 2.
413 2667 504 2704 Pres
524 2666 572 2703 (16
590 2662 847 2705 Saint-Christ
870 2662 1012 2705 sbeside
1034 2677 1055 2700 a
1077 2664 1217 2714 village
1240 2664 1339 2701 calld
1357 2666 1552 2713 Seyncre),
1574 2664 1624 2699 οὺ
1643 2661 1697 2699 les

288 2726 444 2775 Anglais
462 2739 501 2763 se
522 2725 689 2762 tenaient
707 2735 844 2760 encore
867 2722 900 2759 le
923 2723 971 2758 13
991 2724 1082 2759 aout
1102 2725 1217 2760 1475.
1240 2726 1395 2771 Rymer,
1415 2731 1441 2760 t.
1464 2724 1554 2767 XII,
1572 2735 1609 2771 p.
1632 2723 1694 2758 Η.
