1923 3020
216 225 290 261 152
579 219 913 257 HISTORIARUM
942 219 1178 254 LUDOVICI
1206 219 1261 254 XI

215 327 386 375 magna
408 325 516 372 pars
541 322 739 352 suorum
764 303 1214 368 stipendiariorum,
1244 321 1348 368 quae
1373 321 1421 350 se
1451 305 1510 351 ad
1532 305 1623 352 fra-

216 398 337 434 trem
362 401 498 431 suum
524 382 812 441 contulerat,
846 397 1039 445 sperans
1069 380 1155 426 sibi
1189 381 1249 426 ad
1282 398 1365 428 sua
1395 381 1627 445 stipendia

217 464 389 511 servire
421 471 464 506 et
487 460 709 520 militare,
733 476 842 505 cum
866 458 1084 504 viderent
1106 458 1424 504 defectionem
1449 459 1628 505 Britan-

217 542 303 587 niae
319 539 476 597 duciS,
499 547 544 584 et
563 554 668 602 spes
681 537 780 599 jam
797 537 862 583 eis
887 536 1014 581 nulla
1034 534 1109 581 vel
1135 536 1331 582 minima
1352 546 1471 582 esset
1497 535 1629 600 quod

216 625 408 682 possent
438 614 671 679 stipendia
707 630 763 659 ex
795 613 916 659 duce
956 613 1259 659 Normanniae
1295 612 1538 673 obtinere,
1568 612 1629 659 ad

216 696 370 759 ipsum
388 710 547 757 regem
566 692 779 738 dietenus
798 689 1030 736 redibant.
1057 693 1187 746 Quos
1208 707 1399 749 omnes,
1422 707 1480 736 eo
1500 690 1631 753 quod

217 772 281 818 eis
299 781 401 817 tum
419 771 622 817 maxime
642 768 873 830 indigeret
889 805 899 827 ,
915 767 1066 813 libens
1091 778 1131 813 et
1151 768 1281 813 laetus
1297 768 1601 831 recolligebat
1617 787 1627 825 ;

216 851 313 895 imo
337 849 479 895 etiam
502 847 562 894 ad
596 864 642 893 se
661 885 670 903 ,
698 845 869 910 quibus
894 854 1079 909 poterat
1102 846 1305 904 artibus,
1335 846 1601 893 retrahebat
1616 882 1627 904 ,

218 938 270 974 ut
292 944 375 974 eos
398 927 600 974 auferret
622 926 752 971 fratri
772 941 877 971 suo.

676 1132 1017 1177 CAPITULUM
1053 1132 1176 1175 XIII.

268 1274 319 1306 De
337 1269 471 1304 insidiis
488 1278 520 1303 et
536 1266 800 1315 proditionibus
816 1277 879 1311 per
897 1263 1022 1297 ducem
1039 1263 1211 1297 Borbonii
1229 1272 1262 1297 et
1278 1276 1340 1310 per
1358 1276 1473 1310 regem
1490 1264 1590 1298 sactis

645 1319 810 1353 adversus
826 1318 951 1352 ducem
973 1317 1215 1351 Normanniae.

292 1443 413 1485 Cum
443 1447 602 1484 autem
633 1435 791 1481 adhue
825 1434 1046 1481 Carnoti1
1081 1443 1226 1493 esset,
1268 1433 1401 1479 finxit
1440 1451 1488 1480 se
1522 1434 1639 1480 velle

227 1534 336 1565 cum
371 1517 509 1561 fratre
545 1529 630 1559 suo
663 1528 829 1575 pacem
853 1511 1176 1568 reconciliare,
1202 1519 1249 1556 et
1269 1511 1451 1556 mittere
1476 1527 1524 1556 se
1553 1527 1640 1573 pro

229 1596 318 1640 hac
363 1608 501 1638 causa
550 1589 785 1635 simulavit
831 1588 1004 1633 ducem
1039 1586 1264 1632 Borbonii
1300 1587 1360 1632 ad
1399 1587 1637 1633 eumdem.

232 1673 321 1729 Qui
341 1687 449 1716 cum
466 1669 514 1714 in
534 1668 698 1713 itinere
717 1676 859 1722 esset,
883 1666 1008 1711 misit
1026 1664 1374 1727 Rothomagum
1395 1664 1454 1709 ad
1472 1664 1644 1711 ducem

234 1746 535 1795 Normanniae
555 1745 748 1790 nuntios
765 1752 811 1789 et
831 1743 1076 1806 epistolas,
1100 1741 1255 1787 verbis
1278 1752 1415 1787 utens
1437 1742 1645 1805 pacificis

235 1829 281 1873 in
321 1825 435 1872 dolo
470 1842 478 1868 :
509 1822 795 1868 denuntians
831 1820 919 1866 sibi
954 1819 1154 1883 qualiter
1185 1835 1296 1864 eum
1330 1819 1392 1864 ad
1427 1835 1475 1864 se
1515 1818 1644 1883 [rex]

236 1905 461 1958 mitteret,
489 1899 685 1963 cupiens
710 1914 820 1943 cum
843 1912 900 1942 eo
936 1894 1277 1942 rationabiliter
1300 1904 1346 1940 et
1365 1895 1641 1956 tranquille,

238 1991 463 2042 tanquam
502 1993 612 2022 cum
652 1974 956 2020 dilectissimo
998 1972 1085 2018 sibi
1123 1982 1265 2034 atque
1300 1972 1442 2017 unico
1478 1971 1641 2031 fratre,

238 2071 528 2119 componere
554 2063 600 2099 et
622 2051 895 2116 pacificare,
922 2060 967 2096 et
1003 2050 1216 2094 similiter
1253 2049 1375 2093 inter
1411 2048 1566 2111 ipsum
1602 2059 1648 2095 et

240 2132 487 2178 Britanniae
510 2131 706 2186 ducem,
733 2144 941 2191 quorum
971 2143 1089 2188 aegre
1114 2136 1159 2172 et
1181 2125 1481 2189 displicenter
1509 2125 1647 2171 intel-

239 2210 423 2256 lexisset
441 2207 707 2253 dissidium.

305 2286 512 2333 Credens
550 2295 706 2330 autem
740 2283 835 2329 dux
875 2281 1175 2327 Normanniae
1204 2280 1399 2326 Carolus
1434 2279 1650 2341 hujusce-

242 2365 372 2412 modi
393 2363 571 2419 verbis,
594 2378 679 2407 nec
704 2360 869 2406 dolum
889 2369 966 2405 aut
993 2359 1342 2404 simulationem
1367 2357 1646 2421 suspicatus,
1670 2342 1672 2345 r

196 2485 198 2488 .
242 2441 473 2505 rescripsit
515 2439 623 2484 (luci
660 2437 880 2483 Borbonii
916 2436 1045 2500 quod
1074 2435 1135 2481 ad
1157 2445 1333 2482 certam
1365 2434 1490 2480 diem
1523 2434 1647 2498 apud

242 2517 598 2567 Loc11m-veris2
621 2532 667 2560 se
692 2514 951 2572 conferret,
980 2514 1038 2559 ad
1076 2530 1219 2576 quem
1248 2513 1388 2558 etiam
1419 2529 1519 2558 sese
1553 2513 1651 2577 ipse

297 2661 333 2695 1.
367 2660 464 2695 C’est
483 2655 605 2706 plutot
626 2655 645 2690 ὸ
664 2651 836 2689 Orleans.

297 2721 334 2755 2.
366 2716 564 2754 Louviers.
