1923 3020
324 258 372 292 50
678 253 1013 291 HISTORIARUM
1040 252 1272 289 LUDOVICI
1300 255 1353 288 XI

324 341 546 401 sariisque
568 339 708 384 rebus
726 337 946 384 omnibus
968 338 1273 399 improvisum
1293 353 1352 382 ne
1370 338 1431 383 ita
1448 337 1563 383 illud
1582 340 1714 386 obire

323 415 561 478 cogendus
595 415 740 475 esset)
777 431 825 459 se
860 423 1130 459 excusatum
1166 413 1289 476 apud
1326 430 1482 476 regem
1521 414 1711 474 faceret,

323 494 523 540 offerens
548 509 596 538 se
619 501 787 556 praesto
815 501 860 536 et
882 491 1150 536 ultroneum
1175 490 1233 535 ad
1260 491 1306 536 id
1337 508 1506 536 munus
1538 490 1717 537 obeun—

320 570 459 629 dum,
489 570 525 614 si
555 568 746 613 classem
779 568 1050 612 instructam
1088 575 1132 610 et
1169 565 1403 615 militiam,
1434 577 1716 630 caeterasque

319 663 392 692 res
422 646 482 692 ad
516 655 653 691 tantae
687 644 752 689 rei
785 642 959 688 molem
991 642 1322 705 perficiendas,
1365 643 1624 689 concedere
1670 653 1715 689 et

320 723 582 768 ministrare
601 720 755 778 vellet,
779 736 877 765 non
901 728 968 764 est
991 718 1261 775 exauditus;
1290 719 1372 764 sed
1398 729 1576 764 mature
1603 735 1712 765 cum

319 801 477 862 regina
505 799 799 845 transfretare
822 806 890 842 est
910 796 1107 858 jussus¹.

385 879 644 939 Aggregans
675 875 830 937 itaque
859 873 1160 918 collectitium
1201 874 1400 919 militum
1438 890 1712 932 numerum,

317 954 502 998 circiter
519 969 667 1015 usque
688 951 747 996 ad
767 950 1060 1012 octingentos
1080 950 1226 1008 viros,
1246 959 1342 995 tam
1363 952 1472 1009 suis,
1490 967 1631 1014 quam
1653 968 1718 997 re-

320 1031 435 1091 ginae
452 1028 750 1093 sumptibus²,
771 1043 879 1072 cum
903 1027 1070 1086 exigua
1089 1035 1134 1070 et
1157 1026 1262 1071 exili
1281 1026 1424 1073 classe
1446 1029 1493 1072 in
1512 1029 1712 1073 Scotiam

317 1122 426 1151 cum
446 1106 605 1167 regina
626 1104 819 1165 trajecit.
843 1101 931 1146 Ubi
952 1117 1059 1146 cum
1078 1102 1242 1146 Scotos
1257 1101 1316 1150 ad
1333 1102 1575 1149 serendum
1597 1107 1717 1150 Hen-

317 1183 413 1228 rico
443 1182 612 1228 auxilia
634 1180 929 1237 concitasset,
956 1187 1001 1223 et
1023 1177 1251 1223 nonnulla
1277 1194 1425 1241 eaque
1456 1195 1596 1243 parva
1629 1198 1715 1244 pro

318 1261 518 1305 Henrico
538 1259 734 1314 fecisset,
757 1257 907 1301 Scotis
929 1265 1056 1316 terga
1082 1255 1397 1302 vertentibus3
1421 1267 1465 1302 et
1487 1259 1568 1317 eis,
1597 1276 1715 1321 quos

315 1354 472 1383 secum
505 1353 560 1381 ex
592 1334 881 1380 Normannia
913 1332 1132 1388 duxerat,
1168 1332 1227 1378 ab
1255 1333 1451 1395 Anglicis
1479 1335 1604 1380 caesis
1640 1335 1715 1380 fu-

313 1415 467 1477 sisque
484 1414 555 1459 vel
575 1412 782 1475 captivis.
806 1411 852 1455 in
872 1410 1208 1455 Normanniam
1229 1411 1398 1455 iterum
1421 1427 1529 1456 cum
1551 1411 1715 1458 eadem

313 1491 474 1553 regina
497 1490 655 1535 denuo
678 1489 831 1533 redire
855 1495 1045 1532 coactus
1072 1496 1139 1531 est
1155 1488 1183 1531 ’Ἄ
1220 1490 1334 1542 Quae
1357 1487 1496 1532 etiam
1520 1487 1578 1533 de
1602 1490 1714 1534 Sco-

314 1577 471 1612 torum
495 1565 588 1611 fide
611 1581 707 1610 non
734 1564 843 1609 satis
867 1578 1052 1622 secura,
1090 1562 1361 1608 Edoardum
1387 1563 1709 1626 impuberem,

313 1661 451 1689 suum
477 1642 757 1704 Henricique
777 1641 894 1701 regis
919 1640 1069 1686 filium
1093 1640 1303 1697 unicum,
1330 1657 1490 1686 secum
1509 1641 1709 1699 advexit,

315 1730 357 1766 el
381 1738 408 1767 a
431 1723 626 1777 Renato,
652 1734 756 1778 rege
777 1717 956 1773 Siciliae,
980 1726 1113 1780 patre
1134 1733 1237 1774 sim,
1260 1727 1452 1780 accepto
1476 1718 1522 1762 in
1546 1716 1713 1763 ducatu

319 1796 526 1841 Barrensi
547 1795 650 1839 loco
673 1793 732 1838 ad
758 1792 1071 1846 manendum,
1099 1791 1179 1837 ubi
1207 1792 1444 1837 fortunam
1472 1793 1711 1837 meliorem

312 1873 379 1934 (si
411 1872 580 1917 divinae
609 1869 767 1933 pietati
805 1869 1026 1932 placitum
1063 1868 1274 1928 adesset)
1309 1869 1592 1931 operiretur,
1634 1868 1713 1913 illo

314 1949 540 2011 perrexit,
574 1957 619 1993 et
652 1963 735 2009 per
767 1962 916 1991 annos
941 1944 1096 2008 plures
1124 1944 1216 1990 illic
1243 1944 1454 2003 delituit,
1488 1946 1587 1990 viro
1626 1961 1711 1990 suo

371 2133 407 2167 1.
439 2133 496 2166 Au
521 2128 649 2166 milieu
675 2127 804 2163 d’aout
826 2127 926 2162 1462
945 2153 954 2170 ‚
984 2124 1016 2160 le
1046 2124 1102 2160 roi
1125 2124 1225 2160 etant
1254 2126 1274 2160 a
1304 2126 1449 2160 Rouen.
1479 2122 1533 2160 Cf.
1557 2125 1714 2175 Lenglet

317 2189 548 2238 Duffesnoy,
572 2189 790 2231 (Ῐοηιηιίηιέ,
812 2194 838 2222 t.
861 2188 911 2230 II,
934 2198 971 2234 p.
998 2185 1089 2221 373.

370 2249 405 2286 2.
440 2247 672 2293 Cliastelain‚
702 2246 767 2295 qui
795 2253 948 2282 raconte
973 2244 1026 2280 les
1050 2242 1276 2292 preparatifs
1298 2242 1344 2278 de
1370 2241 1613 2291 l’expedition
1633 2241 1716 2278 d'a-

319 2307 405 2357 pres
429 2306 462 2342 le
482 2306 571 2342 rceit
588 2319 661 2354 que
684 2305 736 2341 lui
760 2317 806 2340 en
827 2303 927 2340 avait
946 2302 1011 2338 fait
1029 2302 1142 2338 Brt'ae
1163 2301 1385 2348 lui-meme,
1408 2299 1568 2336 attribuo
1590 2313 1638 2336 au
1658 2301 1715 2337 roi

319 2364 354 2402 la
380 2364 591 2401 sourniture
622 2364 668 2399 de
690 2377 731 2400 ce
752 2362 968 2411 contingent
986 2360 1032 2396 de
1060 2360 1141 2396 huit
1168 2368 1270 2397 cents
1293 2359 1485 2405 hommes,
1514 2359 1606 2396 mais
1631 2372 1714 2397 sans

318 2430 452 2473 argent
471 2434 567 2471 pour
587 2420 639 2456 lcs
662 2434 792 2469 payer.
815 2422 861 2455 1‘2
882 2418 1022 2468 partie,
1050 2432 1197 2457 (κυεῖν.

373 2484 409 2518 3.
442 2484 473 2517 Α
494 2492 543 2515 un
565 2479 638 2514 lieu
659 2491 732 2526 qne
751 2479 919 2527 Georges
938 2476 1149 2513 Cliastclain
1169 2477 1318 2526 appelle
1341 2476 1423 2513 Rel.

374 2543 411 2576 ⁴.
443 2542 539 2575 (I'est
558 2550 603 2573 en
625 2536 806 2580 Flamlrc,
833 2549 880 2571 au
908 2544 990 2584 port
1013 2534 1059 2570 ‹lc
1084 2528 1265 2580 lfficluse,
1287 2543 1322 2572 et
1350 2548 1426 2571 non
1456 2548 1521 2583 pas
1546 2547 1592 2572 en
1616 2538 1713 2572 Nor-

321 2598 491 2643 niandie,
512 2609 585 2646 que
612 2595 739 2630 Picrre
758 2593 804 2629 (le
832 2593 942 2629 Brczc
966 2606 1119 2630 raniena
1140 2593 1176 2630 la
1200 2593 1305 2630 reine
1326 2593 1610 2643 d’Angleterre‚
1634 2596 1654 2629 ἐι
1680 2593 1714 2629 la

320 2660 370 2696 tin
393 2657 444 2693 du
465 2655 558 2692 mois
577 2652 706 2689 d'aout
726 2653 840 2687 1463.
858 2650 1084 2694 Cliasstelain,
1108 2654 1158 2688 112
1178 2652 1312 2702 partie,
1338 2666 1370 2689 e.
1394 2666 1480 2699 xm,
1504 2661 1540 2690 et
1559 2651 1714 2702 Lenglet

322 2716 550 2762 Dusresnoy‚
574 2714 792 2756 Connnines,
815 2718 841 2748 t,
866 2711 916 2753 II,
939 2722 975 2756 p.
1001 2711 1089 2745 178.
