1923 3020
297 293 369 327 380
658 288 990 323 HISTORIARUM
1019 286 1251 322 LUDOVICI
1279 287 1334 321 XI

293 389 394 425 ctus
426 379 569 422 fuerat
602 372 889 431 honoribus,
925 371 1199 418 affinitatem
1228 372 1346 434 regis
1376 381 1421 418 et
1450 372 1687 418 servitium

294 450 782 508 formidolosissimum
825 448 1069 511 expetere?
1107 449 1324 493 Potuerat
1358 449 1488 501 satis,
1520 448 1556 492 si
1590 464 1686 493 non

294 528 493 591 superba
518 526 711 571 ambitio
737 535 875 587 atque
899 525 1090 569 avaritia
1123 524 1206 569 sibi
1238 525 1451 569 caecitatis
1475 523 1689 569 tenebras

293 604 620 652 obduxissent,
667 601 823 646 multis
856 611 899 646 et
936 617 1028 646 suae
1054 610 1098 645 et
1129 601 1466 663 praeteritarum
1504 609 1688 645 aetatum

291 679 620 742 experimentis
665 678 919 722 instructus
958 693 1081 735 esse,
1130 687 1361 739 quantum
1408 677 1687 722 invidiarum

292 756 582 801 contentioni
607 771 660 800 ac
687 754 1039 799 aemulationum
1080 770 1177 799 sese
1205 754 1411 815 injiciant
1448 752 1684 816 periculis‚

292 833 370 895 qui
403 832 523 877 circa
558 847 686 892 reges
718 841 763 876 et
796 840 1020 893 tyrannos
1049 830 1299 892 primarios
1329 830 1534 875 bonores
1564 845 1689 890 quae-

294 919 423 961 runt,
451 917 496 952 et
522 907 800 969 dignitatum
829 906 998 967 gradus
1027 906 1214 951 altiores
1237 905 1570 952 conscendere.
1601 907 1690 950 Eo-

293 1001 395 1030 rum
427 983 768 1029 miserabilibus
801 983 985 1028 casibus
1014 992 1154 1045 atque
1187 983 1453 1028 infortuniis
1482 991 1526 1027 et
1565 992 1689 1027 vete-

293 1078 365 1107 res
387 1071 432 1107 et
455 1061 738 1106 recentiores
762 1060 910 1122 plenae
938 1069 1048 1104 sunt
1070 1060 1288 1105 historiae.

358 1141 531 1183 Verum
555 1137 675 1200 ipse,
704 1137 784 1199 qui
805 1137 902 1198 jam
927 1137 1034 1181 satis
1060 1136 1214 1196 gratiae
1242 1146 1533 1193 assecutum,
1563 1145 1608 1180 et
1631 1136 1690 1181 ad

293 1230 529 1260 summum
572 1231 719 1276 usque
755 1214 913 1258 locum
954 1212 1078 1275 apud
1127 1211 1517 1272 Burgundionum
1555 1212 1691 1274 prin—

292 1291 444 1353 cipem
492 1307 539 1335 se
581 1298 857 1352 provectum
900 1287 1115 1346 videbat,
1159 1286 1451 1331 existimabat
1485 1287 1693 1332 se'inter

294 1377 541 1428 utrosque,
574 1382 730 1427 regem
767 1364 981 1409 videlicet
1013 1367 1302 1408 Francorum
1339 1372 1382 1407 et
1417 1361 1693 1423 Burgundiae

293 1444 485 1499 ducem,
524 1444 644 1487 inter
678 1458 797 1504 quos
830 1440 1130 1486 acerbissima
1167 1438 1274 1483 odia
1306 1448 1404 1483 tum
1445 1437 1688 1500 vigebant,

292 1519 415 1565 velut
442 1518 709 1576 arbitrum¹‚
742 1527 842 1561 tuto
870 1526 1008 1579 atque
1032 1515 1266 1560 inoffenso
1291 1514 1406 1560 calle
1429 1531 1565 1577 posse
1585 1515 1692 1559 resi-

292 1596 402 1641 dere
427 1605 471 1641 et
493 1595 750 1641 ambulare.
784 1593 1045 1639 Temerarie
1069 1591 1280 1656 profecto
1305 1601 1347 1637 et
1372 1592 1510 1636 nimis
1529 1592 1692 1636 incon—

292 1671 432 1717 sulte!
461 1675 575 1716 Nam
598 1688 652 1715 cu
663 1688 705 1715 m
732 1671 917 1733 utrique
942 1671 1150 1733 placere,
1181 1668 1419 1713 lucrorum
1437 1668 1692 1733 cupiditate

292 1749 414 1794 ultro
437 1749 648 1810 citroque
669 1748 866 1804 illectus,
892 1756 1158 1804 conaretur,
1187 1745 1405 1791 effectum
1426 1753 1560 1789 estut
1582 1745 1694 1789 utri-

291 1842 382 1888 que
419 1824 683 1888 displiceret
720 1834 762 1869 et
790 1825 1034 1885 utriusque
1065 1822 1224 1868 odium
1258 1831 1397 1884 atque
1431 1820 1693 1865 inimicitias

292 1902 609 1964 conquireret.
644 1901 827 1946 Putavit
857 1917 903 1946 sc
929 1900 1084 1945 forsan
1115 1899 1300 1960 utrique.
1328 1898 1525 1943 domino
1555 1913 1692 1960 posse

293 1979 464 2023 servire
505 1987 547 2022 et
592 1995 705 2040 opes
746 1993 876 2033 suas,
916 1993 1023 2021 cum
1060 1986 1261 2037 utroque
1298 1990 1466 2037 parum
1508 1990 1560 2018 ex
1597 1972 1690 2017 fide

294 2054 504 2115 agendo,
541 2054 780 2099 cumulare
813 2063 853 2098 et
889 2069 1081 2115 augere3
1120 2052 1201 2097 sed
1231 2068 1362 2096 suam
1394 2050 1691 2114 prudentiam

294 2148 347 2176 ac
373 2132 647 2194 sapientiam
673 2131 824 2175 carnis
851 2131 1037 2175 stultam
1061 2129 1265 2174 ostendit
1289 2128 1512 2191 sapientia
1537 2127 1692 2171 Salva-

297 2207 425 2252 toris.
453 2210 599 2252 Nemo
624 2208 769 2265 enim,
798 2216 847 2251 ut
872 2207 957 2264 ait⁷
982 2215 1136 2269 potest
1163 2204 1351 2249 duobus
1374 2203 1577 2249 dominis
1597 2219 1692 2247 ser-

296 2284 415 2339 vire,
445 2284 697 2345 praesertim
729 2283 899 2345 quibus
927 2284 1069 2328 animi
1089 2282 1275 2334 ‚adversi
1302 2291 1345 2326 et
1369 2297 1394 2325 a
1419 2297 1466 2325 se
1490 2280 1691 2324 invicem

296 2369 387 2405 tam
429 2360 730 2419 dissidentes,
774 2371 865 2406 tam
907 2360 1183 2406 discordiosi
1229 2369 1269 2404 et
1310 2359 1483 2404 inimici
1521 2367 1689 2403 essent.

292 2440 489 2481 Tantum
510 2436 633 2480 enim
656 2438 775 2482 inter
801 2455 848 2483 se
867 2438 961 2483 odii
984 2447 1027 2481 et
1052 2437 1300 2481 inimicitiae
1321 2434 1547 2480 acerbitas
1572 2433 1694 2478 (listi-

296 2513 463 2558 dentize
500 2513 746 2568 inseverat,
784 2524 834 2559 ut
867 2514 1098 2576 quidquid
1132 2514 1175 2557 in
1204 2513 1470 2558 alterutrius
1497 2511 1692 2572 gratiam

298 2589 480 2635 efficere
507 2597 585 2633 aut
607 2588 763 2633 dicere
788 2591 1032 2651 potuisset,
1060 2590 1152 2634 lioc
1176 2589 1301 2634 velut
1325 2588 1384 2634 ad
1409 2588 1477 2632 sui
1501 2587 1690 2632 exitium

351 2740 384 2772 ¹.
423 2737 570 2772 Arbiter
587 2737 678 2774 dans
696 2737 730 2772 le
749 2749 818 2774 ms,
