1923 3020
287 248 360 282 28ss
643 246 980 282 HISTORIARUM
1009 247 1243 283 LL'DOVICI
1269 248 1323 282 XI

288 337 452 389 munst,
485 334 676 377 demum
708 333 845 377 etiam
874 349 929 377 ex
952 334 1267 379 conventione
1288 350 1398 379 cum
1425 334 1563 380 fratre
1598 334 1680 381 ha-

287 411 395 467 bita,
414 409 677 454 sibideberi
695 426 921 472 suamque
939 410 1038 455 sore
1060 410 1262 457 dicebat.
1289 412 1426 473 Atqui
1452 411 1681 475 profecto,

288 504 381 532 non
396 486 456 531 ad
471 502 573 532 eam
589 487 737 532 solam
755 487 1140 550 recuperandam,
1157 487 1237 532 sed
1252 487 1311 533 ad
1327 487 1490 533 altiora
1506 487 1685 534 ambire

286 581 310 609 a
336 564 548 627 plurimis
583 563 855 627 putabatur.
896 566 1003 610 Sese
1027 581 1243 627 quoque,
1279 575 1328 611 ut
1353 565 1411 611 de
1434 566 1636 629 acceptis
1659 581 1686 611 a

287 656 393 702 rege
419 641 598 702 injuriis
622 641 779 686 ulcisci
803 651 974 704 posset,
998 641 1344 703 vigilantissime
1369 642 1682 706 praeparabat3

287 734 373 763 nec
400 717 599 763 dubium
621 717 886 764 habebatur
911 719 1052 781 quin,
1082 719 1118 764 si
1139 729 1373 782 superstes
1396 720 1443 764 in
1469 719 1687 764 humanis

287 796 553 855 mansisset,
579 797 716 841 tantis
738 796 894 841 suisset
917 796 1095 841 auxiliis
1117 796 1320 859 adjutus,
1347 798 1477 860 quod
1498 797 1687 843 fratrem

288 889 425 917 suum
457 872 516 918 ad
559 871 874 918 exhibendam
906 872 994 918 sibi
1033 875 1264 919 rationem
1296 875 1366 919 vel
1400 875 1622 932 invitum,
1651 874 1687 919 si

289 948 381 993 ulla
405 949 479 993 via
502 950 757 1012 potuisset,
785 948 1069 994 adduxisset.

315 1034 320 1038 “
353 1025 443 1071 Sed
487 1042 597 1071 cum
639 1025 736 1086 ejus
771 1025 1015 1070 molimina
1054 1036 1098 1071 et
1131 1036 1349 1085 conatus,
1389 1026 1560 1088 quibus
1589 1027 1687 1088 J'am

292 1102 447 1165 plures
486 1119 510 1147 e
542 1102 797 1164 majoribus
834 1104 880 1146 in
918 1102 1200 1163 obsequium
1231 1119 1370 1146 suum
1408 1102 1684 1165 pellexerat,

290 1180 484 1224 minime
528 1196 684 1240 regem
725 1179 937 1237 laterent,
987 1178 1524 1241 periculosissimamque
1551 1180 1689 1225 statui

289 1273 376 1301 suo
428 1255 704 1318 intelligeret
749 1256 866 1300 strui
910 1255 1390 1314 confoederationem,
1436 1257 1559 1320 ipse,
1608 1258 1689 1320 qui

291 1333 434 1378 nimia
458 1349 642 1396 semper
665 1332 876 1393 flagravit
908 1332 1165 1395 cupiditate
1190 1332 1496 1388 dominandi,
1540 1343 1690 1379 tanta-

291 1425 382 1472 que
416 1408 500 1473 [ut]
535 1410 581 1454 in
606 1408 748 1471 ipsius
778 1409 937 1454 animo
961 1424 1147 1472 semper
1170 1408 1321 1454 laudis
1354 1418 1398 1454 et
1430 1409 1585 1470 gloriae
1613 1426 1690 1456 su-

290 1486 461 1549 perarit
506 1494 645 1548 atque
679 1484 929 1531 obduxerit
955 1494 1000 1530 et
1040 1485 1400 1547 quodammodo
1424 1486 1691 1531 exstinxerit

292 1563 550 1626 appetitum
567 1598 578 1618 ‚
618 1578 714 1606 non
739 1578 907 1607 curans
933 1561 970 1607 si
1002 1562 1121 1606 veri²
1155 1571 1199 1607 et
1236 1562 1417 1608 virtutis
1443 1562 1515 1608 via
1540 1562 1690 1625 (quod

290 1654 455 1683 eorum
477 1639 723 1702 proprium
747 1648 830 1696 est,
858 1638 906 1683 in
936 1637 1106 1700 quibus
1139 1637 1289 1683 laudis
1325 1647 1370 1683 et
1399 1638 1555 1701 gloriae
1576 1655 1691 1702 prae-

291 1714 411 1760 valet
436 1715 705 1778 appetitus),
733 1732 813 1761 seu
838 1715 957 1761 dolis
987 1725 1032 1761 et
1065 1715 1253 1761 fallaciis
1287 1715 1512 1762 niteretur
1543 1715 1696 1778 (quod

291 1793 570 1854 ignavorum
600 1803 643 1838 et
667 1810 920 1857 pravorum
943 1811 1042 1840 esse
1067 1794 1228 1856 solet),
1254 1793 1517 1839 dummodo
1541 1793 1692 1839 ambi-

292 1879 390 1914 tum
411 1880 550 1933 atque
575 1872 899 1934 concupitum,
920 1870 1341 1933 qualibuscumque
1359 1870 1535 1916 artibus
1552 1879 1692 1932 atque

294 1947 546 1993 sceleribus
582 1949 653 1994 v'el
694 1958 1040 2011 assequeretur,
1080 1949 1149 1994 vel
1191 1949 1412 1994 retineret
1455 1948 1692 2012 principa-

294 2035 418 2083 tum,
446 2025 609 2070 volens
638 2025 790 2078 fratris
812 2027 883 2071 sui
910 2026 1137 2072 obsistere
1168 2026 1416 2072 conatibus
1438 2025 1693 2071 eumdem-

294 2117 385 2163 que
403 2102 556 2165 impiis
580 2103 779 2148 nimium
800 2113 939 2166 atque
962 2103 1195 2149 sceleratis
1218 2102 1396 2148 actibus
1417 2103 1690 2166 praevenire,

295 2177 352 2223 de
386 2180 724 2241 exstinguendo
761 2180 984 2226 eumdem
1016 2180 1264 2226 dominum
1297 2179 1516 2225 Carolum
1552 2196 1695 2226 vene—

296 2254 402 2300 ficio
420 2257 656 2316 cogitavit.

360 2333 576 2395 Corrupit
609 2335 734 2378 enim
763 2334 884 2380 duos
918 2334 976 2380 de
1000 2334 1209 2397 ejusdem
1243 2335 1391 2379 fratris
1413 2334 1484 2379 sui
1507 2334 1692 2380 domes·
1731 2325 1735 2330 ¹

299 2410 418 2469 ficis,
444 2410 523 2473 qui
550 2426 643 2472 prce
673 2412 845 2457 caeteris
869 2411 1090 2458 omnibus
1121 2412 1164 2458 ei
1192 2411 1437 2458 familiares
1461 2421 1694 2471 erantset

352 2549 387 2586 1.
420 2546 457 2584 Si
478 2554 572 2583 cette
604 2545 825 2596 disposition
858 2556 912 2583 cst
941 2547 1076 2594 ieelle,
1107 2547 1178 2584 elle
1202 2547 1291 2584 etait
1319 2549 1439 2584 restce
1471 2550 1491 2584 a
1518 2548 1619 2584 l'etat
1647 2546 1693 2583 de

298 2607 435 2657 projet‚
456 2619 519 2642 car
541 2605 575 2642 le
593 2606 744 2655 prince,
763 2605 812 2641 du
833 2606 964 2642 vivant
981 2607 1027 2643 de
1046 2620 1113 2644 son
1138 2608 1256 2654 frere,
1278 2607 1381 2644 n'eut
1400 2608 1437 2644 ni
1457 2607 1491 2643 la
1508 2610 1691 2644 Norman-

300 2664 378 2711 die,
402 2665 439 2702 ni
461 2678 584 2702 aucun
605 2673 712 2701 autre
733 2677 916 2715 apanage.
940 2667 1036 2714 Voy.
1063 2666 1262 2711 ci·dessus,
1284 2681 1323 2716 p.
1347 2669 1440 2713 100,
1464 2679 1501 2704 n.
1526 2669 1560 2701 4.

351 2725 388 2760 2.
421 2727 513 2759 Vere
534 2723 626 2760 dans
647 2723 680 2760 le
701 2737 770 2760 ms.
