1923 3020
282 252 353 288 120
638 245 976 282 HISTORIARUM
1005 245 1239 281 LUDOVICI
1267 247 1320 280 XI

279 337 566 399 conspicere.
599 335 688 387 Ita,
716 332 789 376 cui
822 332 1019 376 victoria
1044 340 1156 376 tunc
1182 330 1393 387 cesserit,
1420 347 1516 375 non
1550 330 1680 377 facile

280 413 369 458 dici
395 410 566 474 posset.
595 409 641 453 Si
666 425 745 453 rex
770 408 815 452 in
838 407 942 452 loco
967 407 1047 452 illo
1067 445 1077 465 ,
1105 407 1150 451 in
1170 408 1262 452 suis
1286 407 1470 462 castris,
1498 405 1570 451 vel
1593 406 1680 450 sal-

282 498 372 533 tem
398 487 443 530 in
468 501 573 531 arce
602 501 704 547 quae
725 484 818 529 illic
839 484 947 528 satis
972 484 1106 528 firma
1130 493 1226 540 est,
1252 483 1572 541 remansisset,
1595 481 1681 528 sibi

279 563 525 609 victoriam
559 562 714 607 forsan
751 577 969 622 arrogare
1006 562 1249 625 potuisset.
1293 561 1383 606 Sed
1414 561 1548 623 quia,
1588 560 1682 606 ad-

279 648 633 702 vesperascente
658 638 757 695 die,
785 639 882 701 ipse
903 654 1012 682 cum
1035 638 1217 701 paucis,
1247 638 1327 700 qui
1351 637 1436 683 sibi
1465 654 1683 701 perman-

278 725 454 774 serant,
491 715 767 760 Corbolium
792 725 859 760 est
893 714 1147 778 profectus,
1186 715 1544 775 Burgundiones
1570 731 1681 759 vero

277 795 322 839 in
355 794 448 839 suis
481 793 642 838 castris
673 809 780 838 cum
811 810 896 838 suo
929 793 1100 837 comite
1129 792 1186 836 de
1216 792 1480 848 (L'lzarolois,
1511 801 1554 836 et
1587 800 1684 836 tota

278 879 416 916 nocte
453 880 498 915 et
533 872 747 933 sequenti
785 870 860 915 die
895 870 1061 926 etiam,
1095 877 1483 931 permanserunt,
1521 867 1628 912 ideo
1658 883 1684 912 a

281 947 437 995 multis
467 947 720 993 coloratius
751 947 978 1003 victoriae,
1012 946 1115 990 licet
1143 962 1238 990 non
1274 946 1550 1001 incruentae,
1579 944 1684 988 titu-

280 1025 353 1070 lus
374 1035 416 1070 et
440 1024 597 1069 honor
618 1025 683 1070 eis
702 1024 873 1069 deferri
898 1023 1099 1067 videtur.

346 1104 396 1146 In
421 1117 477 1147 eo
499 1101 657 1164 praelio
680 1101 765 1145 suit
792 1101 838 1145 in
869 1109 1056 1160 gutture
1080 1098 1351 1143 vulneratus
1380 1098 1477 1159 ipse
1502 1096 1687 1142 illustris

281 1195 441 1225 comcs
457 1178 515 1223 de
536 1177 793 1235 (llmrolozir,
811 1177 890 1238 qui
910 1177 954 1220 in
975 1191 1227 1237 congressu
1246 1183 1384 1236 atque
1403 1174 1684 1231 interventu,

285 1272 381 1300 non
420 1254 565 1299 modo
591 1254 745 1310 ducis,
775 1253 855 1298 sed
882 1251 1191 1297 strenuissimi
1224 1251 1363 1295 etiam
1401 1266 1569 1294 munus
1598 1250 1688 1294 mi-

284 1333 372 1378 litis
399 1332 582 1394 agebat.

349 1412 453 1454 Non
478 1408 677 1454 dubium
702 1423 838 1462 vere,
867 1407 902 1451 si
923 1423 1000 1452 rex
1024 1422 1127 1451 suas
1154 1404 1388 1468 pedestres
1406 1404 1565 1468 copias
1581 1421 1689 1450 cum

285 1486 498 1532 curribus
523 1496 567 1531 et
591 1484 821 1530 machinis
845 1501 1005 1529 secum
1025 1483 1264 1529 habuisset
1284 1519 1294 1541 ,
1319 1482 1691 1544 mansissemque

286 1564 497 1624 equitum
537 1572 701 1606 turmae
740 1577 856 1623 quas
896 1578 1004 1605 cum
1051 1560 1224 1605 comite
1267 1559 1601 1605 Cenomanniae
1647 1569 1693 1605 et

287 1639 486 1684 domino
512 1638 569 1683 de
593 1637 943 1682 Monte-Albani
972 1636 1129 1697 sugam
1157 1635 1390 1698 accepisse
1418 1635 1688 1691 retulimus,

287 1715 402 1778 quin
435 1715 663 1760 exercitus
700 1713 1090 1775 Burgundionum
1127 1711 1437 1757 verisimiliter
1471 1727 1693 1772 magnum

288 1792 537 1838 discrimen
571 1792 855 1837 incurrisset.
889 1790 1073 1846 Quibus
1107 1799 1263 1834 tamen
1296 1789 1332 1834 si
1365 1789 1576 1835 Britones
1601 1805 1695 1834 ma-

290 1879 390 1913 ture
421 1885 468 1914 se
490 1869 775 1931 junxissent,
803 1884 912 1912 cum
947 1883 1101 1927 regem
1128 1875 1452 1927 cognoverunt
1475 1881 1554 1910 eos
1583 1881 1694 1927 pro-

290 1961 453 2007 perare
471 1945 686 2007 aggredi,
712 1944 1024 1990 verisimiliter
1049 1944 1236 2003 integrae
1256 1943 1376 1987 vires
1392 1941 1560 1986 militiae
1578 1941 1695 2002 regis

292 2022 503 2067 sufficere
538 2022 733 2066 minime
770 2033 851 2068 aut
885 2020 1135 2065 difficulter
1168 2020 1375 2081 utrisque
1412 2019 1691 2081 potuissem3

292 2098 374 2143 sed
399 2099 483 2160 ipsi
511 2099 745 2154 BritoneS,
774 2098 888 2143 dum
919 2096 977 2142 ad
1002 2106 1237 2141 certamen
1273 2106 1315 2140 et
1352 2095 1560 2158 praelium
1581 2110 1697 2138 con-

291 2186 478 2216 currere
497 2170 788 2224 debuissent,
813 2171 922 2215 satis
947 2169 1123 2232 perfide
1144 2178 1186 2213 et
1208 2167 1517 2229 ignominiose
1535 2182 1582 2210 se
1601 2182 1700 2227 ege-

295 2258 421 2293 runt.
458 2252 574 2293 (lum
617 2250 766 2305 enim,
812 2247 1095 2294 adventante
1136 2262 1242 2308 rege
1277 2244 1335 2290 ad
1378 2242 1697 2288 inuadendum

296 2324 673 2386 Burgundiones,
694 2335 844 2370 castra
870 2341 955 2369 sua
974 2323 1204 2369 haberent
1228 2322 1286 2366 ad
1313 2330 1517 2384 quatuor
1545 2320 1699 2364 leucas

292 2418 441 2465 prope
465 2401 622 2446 locum
656 2418 752 2462 quo
779 2403 990 2463 praelium
1020 2408 1291 2446 consertum
1317 2408 1410 2453 est,
1436 2397 1521 2460 ipsi
1551 2405 1701 2441 castra

295 2490 537 2525 moventes
558 2495 705 2541 usque
736 2479 793 2522 ad
821 2488 999 2540 septem
1033 2478 1187 2522 leucas
1212 2476 1316 2520 loco
1341 2473 1608 2520 certaminis
1632 2489 1702 2517 re-

293 2565 606 2603 trocesserunt
627 2558 652 2600 ¹.
694 2558 746 2599 Et
782 2564 963 2611 tamen,
992 2571 1156 2599 eorum
1196 2568 1353 2609 causa,
1382 2553 1480 2614 ipse
1515 2549 1701 2596 illustris

353 2679 388 2712 ’1.
413 2676 439 2713 Π
466 2685 520 2713 est
549 2674 713 2725 possible
741 2687 815 2723 que
845 2673 898 2710 lcs
926 2676 1082 2709 Bretons
1106 2674 1204 2709 aient
1231 2674 1295 2709 fait
1320 2685 1369 2708 un
1392 2676 1635 2707 mouvement
1655 2680 1702 2704 en

295 2736 438 2773 arriere
464 2735 653 2784 lorsqu'ils
674 2742 804 2770 §urent
824 2732 1043 2783 l’approclie
1065 2732 1114 2768 du
1140 2732 1216 2777 roi·,
1241 2731 1333 2767 mais
1354 2743 1451 2779 pour
1471 2730 1535 2764 sur
1554 2727 1598 2763 ils
1618 2725 1701 2762 n’e-
