1923 3020
794 270 935 305 LIBER
965 269 1162 304 PRIMUS.
1629 268 1676 301 75

279 368 455 422 potest,
489 374 598 403 cum
627 357 673 402 in
704 372 848 419 regno
879 356 969 401 sint
993 355 1161 414 duces,
1195 356 1415 413 comites,
1449 353 1675 408 barones,

280 434 448 480 milites
465 450 517 479 ac
532 432 714 478 nobiles
735 449 865 495 paene
891 432 1146 489 innumeri,
1172 432 1252 494 qui
1275 432 1418 477 saltus
1438 429 1681 493 sylvasque

282 512 339 557 de
379 511 568 573 proprio
598 510 885 572 patrimonio
922 509 1100 555 habent
1131 519 1176 554 et
1207 510 1287 571 qui
1319 508 1523 554 venandi
1550 524 1681 553 exer-

282 586 398 632 citiis
423 586 470 629 in
499 585 674 630 eisdem
705 586 983 630 inconcusse
1015 586 1083 631 uti
1112 594 1443 642 assueverunt,
1472 593 1518 630 ct
1536 584 1611 645 jus
1636 583 1683 627 id

283 662 451 723 agendi
475 662 623 724 (quod
642 663 841 725 propriae
862 662 1115 707 nobilitatis
1135 663 1407 708 exercitium
1433 662 1521 724 cst)
1546 662 1686 707 etiam

284 738 540 802 expressim
570 755 653 800 per
682 748 829 784 cartas
858 754 1049 784 suarum
1078 739 1481 797 infeodationum,
1516 747 1561 783 ct
1588 738 1688 783 aliis

285 800 585 878 apertissimis
606 815 919 874 documentis,
945 815 1192 860 ostendere
1216 817 1396 878 possint
1419 833 1468 861 se
1490 815 1685 861 habere.

288 891 404 947 Quis
424 906 522 935 non
544 890 697 936 videat
719 899 893 953 quanta
913 892 969 935 sit
989 889 1194 936 edictum
1215 891 1489 952 hujusmodi
1509 891 1690 936 ratione

289 966 564 1025 subnixum,
604 984 700 1029 quo
717 1003 728 1025 ,
776 983 862 1030 pro
908 966 1008 1011 solo
1050 975 1166 1010 nutu
1208 975 1253 1010 et
1292 966 1691 1012 inordinatissima

291 1044 550 1103 voluntate,
572 1044 677 1105 jura
700 1043 998 1090 subditorum
1021 1051 1066 1087 et
1085 1042 1369 1105 patrimonia
1392 1043 1693 1088 auferuntur?

295 1120 524 1166 Potuisset
546 1120 703 1165 forsan
731 1120 889 1182 aliquo
920 1119 1181 1164 honestatis
1205 1118 1365 1164 colore
1391 1117 1483 1165 tale
1506 1118 1696 1164 defendi

293 1197 525 1257 edictum,
554 1198 591 1242 si
616 1213 743 1243 raras
769 1205 813 1241 et
841 1196 1028 1258 exiguas
1050 1195 1201 1258 sylvas
1226 1195 1464 1258 saltusque
1487 1197 1698 1242 venatio-

296 1291 413 1320 num
440 1272 643 1338 [parum]
668 1273 835 1319 uberes
854 1289 932 1317 rex
960 1273 1006 1318 in
1032 1289 1117 1318 suo
1143 1289 1288 1335 regno
1308 1271 1505 1318 haberet
1529 1272 1700 1335 (quan-

297 1367 457 1413 quam,
475 1366 562 1396 nec
581 1349 644 1395 ob
658 1349 722 1407 id,
738 1349 860 1410 juste
879 1349 987 1394 satis
1009 1349 1177 1394 salvari
1197 1349 1467 1412 potuisset),
1487 1348 1570 1394 sed
1590 1365 1700 1394 cum

298 1444 381 1492 per
418 1443 610 1473 omnem
646 1426 844 1472 Galliam
873 1435 918 1472 et
950 1427 1215 1489 provincias
1249 1427 1381 1489 regni
1409 1430 1701 1472 Francorum

301 1505 392 1550 sint
415 1504 628 1549 maximae
652 1512 697 1548 et
717 1503 948 1548 latissimae
965 1502 1121 1565 sylvae,
1138 1503 1277 1549 variis
1295 1504 1501 1549 ferarum
1524 1503 1702 1549 refertae

303 1579 554 1642 generibus
569 1615 580 1636 ,
608 1589 654 1625 et
680 1589 770 1637 tot,
799 1579 930 1642 quod
950 1581 1026 1625 vix
1049 1579 1316 1626 sufficerent
1337 1581 1578 1627 numerari
1601 1597 1704 1644 quae

301 1656 360 1702 de
385 1656 579 1719 proprio
602 1656 722 1717 regis
746 1656 1029 1719 patrimonio
1056 1657 1281 1702 exsistunt
1308 1656 1467 1720 (quas,
1500 1658 1642 1703 etiam
1667 1657 1704 1702 si

303 1733 401 1796 ipse
424 1749 504 1777 rex
523 1733 831 1778 Matliusalem
853 1742 1056 1796 aequaret
1071 1750 1240 1791 annos,
1260 1750 1349 1779 nec
1365 1734 1493 1779 aliud
1511 1750 1706 1797 prorsus

305 1819 461 1871 ageret
479 1824 620 1871 quam
643 1809 820 1867 venari,
845 1826 1008 1855 omnes
1030 1819 1074 1855 et
1097 1810 1301 1872 singulas
1325 1810 1605 1873 perlustrare
1629 1818 1708 1855 aut

306 1885 554 1931 exhaurire
578 1885 906 1931 venationibus
929 1887 1121 1932 minime
1144 1886 1353 1950 posset),
1380 1903 1484 1949 quae
1509 1887 1704 1948 justitia,

308 1978 410 2024 quae
427 1962 635 2024 aequitas,
657 1978 759 2024 quae
780 1961 1047 2009 humanitas
1071 1964 1207 2026 regis,
1231 1963 1492 2008 innumeris
1510 1963 1709 2008 subditis

308 2038 402 2083 suis
422 2038 529 2100 jura
553 2038 970 2100 patrimoniorum,
999 2039 1361 2085 commoditates
1385 2049 1526 2102 atque
1548 2039 1711 2085 solatia

309 2115 485 2161 eisdem
518 2130 721 2173 annexa,
744 2131 845 2177 quae
872 2132 958 2161 nec
988 2116 1075 2161 sibi
1105 2116 1165 2162 ad
1192 2116 1437 2162 utilitatem
1463 2116 1608 2162 ullam
1636 2132 1710 2162 ce-

312 2192 423 2239 dere
458 2193 659 2257 possint,
696 2210 793 2238 uno
827 2193 998 2253 verbo,
1036 2210 1124 2257 pro
1161 2193 1289 2239 nuda
1323 2210 1406 2239 sua
1441 2193 1708 2252 voluntate,

313 2269 476 2315 tollere
499 2279 639 2332 atque
661 2268 905 2315 inhibere?
927 2269 1121 2333 praelatis
1142 2280 1298 2316 autem
1319 2271 1460 2316 etiam
1482 2269 1713 2315 universis

315 2346 551 2406 similiter,
593 2346 753 2409 quoad
786 2346 900 2404 hoc,
941 2347 1242 2394 ecclesiarum
1271 2365 1462 2394 suarum
1491 2350 1598 2411 jura
1627 2363 1714 2392 au-

315 2423 462 2470 ferre?
491 2426 610 2469 Sunt
640 2425 812 2470 etenim
837 2426 1079 2488 permulti,
1105 2427 1186 2488 qui
1208 2427 1360 2489 sylvas
1387 2426 1625 2488 saltusque
1656 2424 1715 2469 de

317 2519 507 2548 suarum
537 2504 822 2566 patrimonio
853 2504 1152 2550 ecclesiarum
1177 2504 1375 2563 habent,
1405 2514 1450 2550 et
1473 2504 1548 2566 jus
1576 2502 1714 2548 etiam

317 2579 523 2624 venandi
540 2580 587 2624 in
607 2580 845 2626 nonnullis
868 2581 1006 2643 sylvis
1028 2591 1072 2626 et
1092 2581 1283 2627 saltibus
1303 2581 1460 2643 regiis;
1489 2577 1718 2624 nonnulla

319 2655 459 2701 etiam
491 2665 671 2702 exstant
701 2659 1003 2717 monasteria,
1038 2675 1177 2721 super
1206 2656 1479 2719 hujusmodi
1505 2655 1717 2701 venatio-

322 2748 436 2776 num
471 2732 879 2796 piscationumque
910 2734 1185 2781 utilitatibus
1217 2735 1263 2779 in
1293 2732 1484 2779 saltibus
1513 2742 1558 2778 et
1587 2732 1719 2794 aquis
