1923 3020
359 205 430 240 3³2
716 202 905 240 HISTOR1
913 203 1052 237 ARUM
1080 203 1314 238 LUDOVICI
1344 203 1395 240 Xl

358 300 586 352 quantum
611 288 734 350 apud
761 305 895 347 eum,
926 298 1025 333 tum
1050 305 1102 334 ex
1127 288 1220 334 hoc
1238 325 1249 347 ,
1277 299 1376 335 tum
1402 306 1453 335 ex
1476 289 1575 335 aliis
1601 293 1753 339 multis

359 364 602 410 invaluerit
619 373 759 425 atque
776 365 1001 426 patuerit,
1029 381 1083 410 ex
1103 363 1174 410 his
1188 400 1200 422 ,
1226 382 1327 427 quae
1347 366 1465 411 infra
1482 365 1749 427 referemus,

358 440 639 485 luculentius
662 439 926 503 apparebit.

424 520 605 563 Interea
652 527 811 563 autem
857 518 1183 580 perseverabat
1226 519 1613 581 Burgundionum
1662 519 1757 564 dux

358 603 466 640 ante
492 596 720 640 Nussiam.
746 594 838 640 Sed
861 594 968 639 cum
993 596 1248 659 imperator
1272 597 1533 658 agnovisset
1562 599 1594 640 F
1597 612 1759 641 ranco-

360 690 464 718 rum
485 690 642 735 regem
668 690 692 719 e
723 674 931 720 Picardia
957 676 1003 720 in
1029 677 1367 722 Normanniam
1390 677 1632 722 revertisse
1648 714 1658 734 ,
1693 677 1758 722 fa-

361 767 531 813 maque
554 767 663 796 eum
684 751 877 796 minime
900 752 1064 798 lateret
1087 753 1146 798 de
1165 770 1335 814 magno
1358 763 1584 817 apparatu
1604 753 1761 799 classis

363 837 407 872 et
439 843 708 887 armorum,
736 844 877 889 quem
915 830 1169 891 Anglorum
1207 847 1310 888 rex,
1351 831 1417 875 uti
1447 830 1676 888 diximus,
1714 831 1758 874 in

366 904 523 967 Anglia
548 905 772 963 faciebat,
800 906 932 966 cujus
955 907 1165 968 trajectio
1193 919 1238 953 et
1262 908 1489 953 adventus
1520 909 1579 954 ad
1604 908 1761 954 littora

363 983 587 1045 gallicana
635 983 835 1046 proximi
876 983 1016 1028 futuri
1054 984 1215 1029 dietim
1247 984 1611 1042 nuntiabantur,
1651 1002 1762 1048 pro-

364 1058 527 1104 clivior
560 1057 846 1104 reddebatur
882 1059 942 1104 ad
976 1075 1139 1122 pacem
1178 1076 1286 1104 cum
1323 1059 1443 1104 duce
1484 1061 1763 1121 Burgundiae

366 1135 711 1181 conciliandam
734 1173 742 1191 ‚
769 1137 918 1180 sciens
944 1135 1073 1197 quod
1099 1135 1158 1180 ad
1183 1135 1431 1181 serendum
1467 1136 1619 1182 eidem
1655 1136 1763 1182 duci

367 1212 591 1257 auxilium
617 1222 779 1257 contra
812 1228 920 1256 suos
953 1211 1112 1256 hostes
1143 1211 1418 1272 hujusmodi
1458 1212 1694 1274 expeditio
1720 1223 1765 1258 et

367 1289 521 1335 classis
549 1290 791 1351 anglicana
823 1287 1135 1351 parabantur,
1171 1305 1274 1350 quae
1303 1298 1430 1334 tanta
1462 1299 1651 1352 tamque
1682 1306 1766 1335 nu-

371 1383 553 1412 merosa
574 1377 618 1411 et
639 1375 809 1429 potens
833 1364 955 1410 fama
981 1363 1234 1421 ferebatur,
1268 1375 1320 1410 ut
1349 1367 1517 1411 merito
1548 1365 1767 1411 formida-

369 1445 472 1490 bilis
492 1445 670 1490 cunctis
693 1442 907 1488 hostibus
929 1459 1027 1488 esse
1045 1442 1282 1488 videretur
1300 1461 1311 1501 3
1333 1443 1587 1505 conjiciens
1607 1444 1764 1502 etiam,

371 1523 406 1567 si
432 1524 527 1586 ipse
555 1521 811 1583 Anglorum
848 1536 926 1564 rex
966 1520 1013 1564 in
1054 1520 1298 1564 Franciam
1330 1520 1604 1580 trajecisset,
1640 1528 1769 1566 tanta

372 1599 708 1662 impedimenta
732 1601 1021 1642 Francorum
1044 1597 1141 1658 regi
1165 1597 1262 1641 fore
1286 1597 1617 1659 praestiturum,
1639 1596 1767 1659 quod

371 1675 430 1720 ab
455 1693 510 1720 eo
535 1685 701 1721 contra
725 1673 1115 1734 Burgundionum
1142 1673 1313 1719 ducem
1334 1673 1530 1732 auxilia,
1557 1689 1659 1736 quae
1688 1673 1770 1719 ha-

371 1752 581 1797 biturum
604 1768 652 1797 se
682 1750 969 1809 considerat,
1003 1751 1195 1795 minime
1224 1749 1397 1796 habere
1426 1759 1599 1812 posset.
1638 1753 1770 1795 Parte

373 1829 512 1874 etiam
536 1846 590 1875 ex
613 1829 719 1888 alia,
747 1828 975 1891 quoniam
1002 1828 1123 1872 inter
1148 1827 1369 1872 eumdem
1400 1826 1567 1871 ducem
1592 1835 1637 1871 et
1660 1842 1771 1889 prae-

375 1905 521 1952 fatum
554 1905 810 1967 Anglorum
842 1921 1024 1967 regem,
1052 1905 1289 1950 sororium
1312 1920 1468 1963 suum,
1497 1903 1771 1948 condictum

376 1993 473 2028 erat
496 1983 648 2045 quod⁷
678 1999 820 2045 quam
840 1983 1048 2046 primum
1065 1982 1125 2027 ad
1143 1982 1367 2044 gallicana
1388 1981 1543 2026 littora
1567 1981 1773 2044 appulis—

378 2070 461 2117 set,
483 2060 569 2105 sibi
588 2059 782 2105 deberet
805 2059 899 2104 dux
923 2075 1170 2104 occurrere
1194 2059 1235 2103 ei
1257 2058 1449 2120 aliisque
1470 2056 1556 2102 sibi
1582 2057 1773 2103 foedera-

380 2134 454 2191 tis,
472 2150 590 2195 quos
613 2134 659 2179 in
680 2134 890 2190 Francia,
918 2133 1025 2178 licet
1042 2132 1104 2177 ob
1120 2142 1296 2177 metum
1316 2132 1435 2193 regis
1453 2130 1608 2176 adhuc
1631 2131 1774 2177 laten—

382 2219 448 2254 tes
470 2219 514 2253 et
532 2211 769 2268 occultos,
794 2209 1024 2265 habebat,
1057 2208 1221 2255 solatia
1243 2208 1536 2270 praebiturus‘,
1574 2209 1774 2254 multum

382 2285 676 2332 desiderabat
706 2297 749 2331 et
774 2286 1021 2332 affectabat
1044 2287 1141 2349 ipse
1166 2286 1259 2331 dux
1292 2302 1401 2330 cum
1427 2286 1708 2348 imperatore
1732 2293 1776 2329 et

383 2363 629 2407 Germanis
653 2363 800 2407 foedus
823 2372 1084 2426 percutere,
1105 2372 1156 2407 ut
1175 2362 1372 2407 honeste
1394 2378 1447 2408 ac
1465 2371 1566 2406 tuto
1586 2378 1640 2406 ex
1667 2364 1776 2406 Nus-

383 2439 448 2484 sia
473 2438 734 2497 discedens,
760 2440 950 2501 p1·a·fato
968 2440 1223 2500 Anglorum
1247 2439 1343 2499 regi
1363 2439 1548 2499 suisque
1575 2438 1673 2483 aliis
1703 2436 1776 2481 foe-

385 2515 572 2570 deratis,
601 2531 702 2576 quae
729 2517 1022 2577 promiserat,
1053 2515 1338 2561 observaret.
