<?xml version="1.0" encoding="UTF-8"?>
<!DOCTYPE html PUBLIC "-//W3C//DTD XHTML 1.0 Transitional//EN"
    "http://www.w3.org/TR/xhtml1/DTD/xhtml1-transitional.dtd">
<html xmlns="http://www.w3.org/1999/xhtml" xml:lang="en" lang="en">
 <head>
  <title>
</title>
<meta http-equiv="Content-Type" content="text/html;charset=utf-8" />
  <meta name='ocr-system' content='tesseract 3.04.00' />
  <meta name='ocr-capabilities' content='ocr_page ocr_carea ocr_par ocr_line ocrx_word'/>
</head>
<body>
  <div class='ocr_page' id='page_1' title='image "./histoiredesrgn02basi_0247.png"; bbox 0 0 1923 3020; ppageno 0'>
   <div class='ocr_carea' id='block_1_1' title="bbox 715 246 1629 287">
    <p class='ocr_par' dir='ltr' id='par_1_1' title="bbox 715 246 1629 287">
     <span class='ocr_line' id='line_1_1' title="bbox 715 246 1629 287; baseline -0.008 0"><span class='ocrx_word' id='word_1_1' title='bbox 715 251 856 287; x_wconf 88' lang='lat' dir='ltr'>LIBER</span> <span class='ocrx_word' id='word_1_2' title='bbox 885 248 1149 287; x_wconf 88' lang='lat' dir='ltr'><strong>SECUNDUS.</strong></span> <span class='ocrx_word' id='word_1_3' title='bbox 1557 246 1629 281; x_wconf 82' lang='lat'>167</span> 
     </span>
    </p>
   </div>
   <div class='ocr_carea' id='block_1_2' title="bbox 234 333 1637 2011">
    <p class='ocr_par' dir='ltr' id='par_1_2' title="bbox 238 333 1635 1075">
     <span class='ocr_line' id='line_1_2' title="bbox 239 333 1631 400; baseline -0.006 -14"><span class='ocrx_word' id='word_1_4' title='bbox 239 341 578 397; x_wconf 84' lang='lat' dir='ltr'>Dinantenses‚</span> <span class='ocrx_word' id='word_1_5' title='bbox 618 338 794 385; x_wconf 89' lang='lat' dir='ltr'>nedum</span> <span class='ocrx_word' id='word_1_6' title='bbox 816 339 915 400; x_wconf 86' lang='lat' dir='ltr'>ejus</span> <span class='ocrx_word' id='word_1_7' title='bbox 948 337 1125 395; x_wconf 85' lang='lat' dir='ltr'>filium,</span> <span class='ocrx_word' id='word_1_8' title='bbox 1165 334 1297 397; x_wconf 88' lang='lat' dir='ltr'>cujus</span> <span class='ocrx_word' id='word_1_9' title='bbox 1332 333 1631 379; x_wconf 84' lang='lat' dir='ltr'><strong>simulacrum</strong></span> 
     </span>
     <span class='ocr_line' id='line_1_3' title="bbox 238 410 1633 481; baseline -0.006 -17"><span class='ocrx_word' id='word_1_10' title='bbox 238 418 311 481; x_wconf 76' lang='lat' dir='ltr'>(ut</span> <span class='ocrx_word' id='word_1_11' title='bbox 340 434 479 481; x_wconf 85' lang='lat' dir='ltr'>supra</span> <span class='ocrx_word' id='word_1_12' title='bbox 508 416 803 477; x_wconf 88' lang='lat' dir='ltr'>retulimus¹)</span> <span class='ocrx_word' id='word_1_13' title='bbox 827 416 967 462; x_wconf 88' lang='lat' dir='ltr'>veluti</span> <span class='ocrx_word' id='word_1_14' title='bbox 996 414 1117 461; x_wconf 81' lang='lat' dir='ltr'>affixi</span> <span class='ocrx_word' id='word_1_15' title='bbox 1142 412 1354 477; x_wconf 87' lang='lat' dir='ltr'>patibulo</span> <span class='ocrx_word' id='word_1_16' title='bbox 1379 410 1633 475; x_wconf 88' lang='lat' dir='ltr'>suspende-</span> 
     </span>
     <span class='ocr_line' id='line_1_4' title="bbox 239 491 1633 564; baseline -0.006 -22"><span class='ocrx_word' id='word_1_17' title='bbox 239 506 371 552; x_wconf 83' lang='lat' dir='ltr'>rant,</span> <span class='ocrx_word' id='word_1_18' title='bbox 413 495 494 540; x_wconf 87' lang='lat' dir='ltr'>sed</span> <span class='ocrx_word' id='word_1_19' title='bbox 529 496 667 541; x_wconf 86' lang='lat' dir='ltr'>etiam</span> <span class='ocrx_word' id='word_1_20' title='bbox 706 511 753 541; x_wconf 92' lang='lat' dir='ltr'>se</span> <span class='ocrx_word' id='word_1_21' title='bbox 788 496 942 559; x_wconf 88' lang='lat' dir='ltr'>ipsum</span> <span class='ocrx_word' id='word_1_22' title='bbox 976 503 1021 540; x_wconf 90' lang='lat' dir='ltr'>et</span> <span class='ocrx_word' id='word_1_23' title='bbox 1054 491 1457 564; x_wconf 64' lang='lat' dir='ltr'>generosissimam</span> <span class='ocrx_word' id='word_1_24' title='bbox 1492 499 1633 552; x_wconf 85' lang='lat' dir='ltr'>atque</span> 
     </span>
     <span class='ocr_line' id='line_1_5' title="bbox 240 565 1634 633; baseline -0.005 -15"><span class='ocrx_word' id='word_1_25' title='bbox 240 572 612 618; x_wconf 78' lang='lat' dir='ltr'>honestissimam</span> <span class='ocrx_word' id='word_1_26' title='bbox 660 572 901 617; x_wconf 87' lang='lat' dir='ltr'>dominam</span> <span class='ocrx_word' id='word_1_27' title='bbox 952 571 1050 633; x_wconf 88' lang='lat' dir='ltr'>ejus</span> <span class='ocrx_word' id='word_1_28' title='bbox 1098 577 1369 615; x_wconf 83' lang='lat' dir='ltr'>consortem</span> <span class='ocrx_word' id='word_1_29' title='bbox 1389 604 1400 626; x_wconf 83' lang='lat'>,</span> <span class='ocrx_word' id='word_1_30' title='bbox 1446 565 1634 612; x_wconf 83' lang='lat' dir='ltr'>illustris</span> 
     </span>
     <span class='ocr_line' id='line_1_6' title="bbox 239 643 1632 711; baseline -0.004 -19"><span class='ocrx_word' id='word_1_31' title='bbox 239 646 483 711; x_wconf 88' lang='lat' dir='ltr'>quondam</span> <span class='ocrx_word' id='word_1_32' title='bbox 523 648 640 708; x_wconf 87' lang='lat' dir='ltr'>regis</span> <span class='ocrx_word' id='word_1_33' title='bbox 674 647 962 708; x_wconf 73' lang='lat' dir='ltr'>portugaltiae</span> <span class='ocrx_word' id='word_1_34' title='bbox 1002 646 1189 703; x_wconf 77' lang='lat' dir='ltr'>fiiiam²,</span> <span class='ocrx_word' id='word_1_35' title='bbox 1233 643 1540 689; x_wconf 82' lang='lat' dir='ltr'>acerbissimis</span> <span class='ocrx_word' id='word_1_36' title='bbox 1580 658 1632 688; x_wconf 88' lang='lat' dir='ltr'>ac</span> 
     </span>
     <span class='ocr_line' id='line_1_7' title="bbox 241 719 1632 779; baseline -0.003 -10"><span class='ocrx_word' id='word_1_37' title='bbox 241 724 502 770; x_wconf 88' lang='lat' dir='ltr'>foedissimis</span> <span class='ocrx_word' id='word_1_38' title='bbox 556 725 851 770; x_wconf 90' lang='lat' dir='ltr'>contumeliis</span> <span class='ocrx_word' id='word_1_39' title='bbox 901 724 1246 779; x_wconf 86' lang='lat' dir='ltr'>lacessiissent‚</span> <span class='ocrx_word' id='word_1_40' title='bbox 1309 737 1395 766; x_wconf 88' lang='lat' dir='ltr'>nec</span> <span class='ocrx_word' id='word_1_41' title='bbox 1435 736 1534 766; x_wconf 89' lang='lat' dir='ltr'>sese</span> <span class='ocrx_word' id='word_1_42' title='bbox 1572 719 1632 766; x_wconf 89' lang='lat' dir='ltr'>ab</span> 
     </span>
     <span class='ocr_line' id='line_1_8' title="bbox 240 797 1634 860; baseline -0.002 -14"><span class='ocrx_word' id='word_1_43' title='bbox 240 801 304 846; x_wconf 90' lang='lat' dir='ltr'>eis</span> <span class='ocrx_word' id='word_1_44' title='bbox 339 800 436 845; x_wconf 92' lang='lat' dir='ltr'>ullo</span> <span class='ocrx_word' id='word_1_45' title='bbox 459 800 604 846; x_wconf 90' lang='lat' dir='ltr'>modo</span> <span class='ocrx_word' id='word_1_46' title='bbox 631 801 933 857; x_wconf 84' lang='lat' dir='ltr'>cohiberent,</span> <span class='ocrx_word' id='word_1_47' title='bbox 967 816 1063 844; x_wconf 91' lang='lat' dir='ltr'>non</span> <span class='ocrx_word' id='word_1_48' title='bbox 1089 797 1381 844; x_wconf 87' lang='lat' dir='ltr'>existimabat</span> <span class='ocrx_word' id='word_1_49' title='bbox 1402 797 1462 843; x_wconf 92' lang='lat' dir='ltr'>ad</span> <span class='ocrx_word' id='word_1_50' title='bbox 1482 806 1634 860; x_wconf 87' lang='lat' dir='ltr'>patres</span> 
     </span>
     <span class='ocr_line' id='line_1_9' title="bbox 239 873 1632 940; baseline -0.003 -19"><span class='ocrx_word' id='word_1_51' title='bbox 239 892 350 921; x_wconf 90' lang='lat' dir='ltr'>suos</span> <span class='ocrx_word' id='word_1_52' title='bbox 380 875 571 922; x_wconf 86' lang='lat' dir='ltr'>feliciter</span> <span class='ocrx_word' id='word_1_53' title='bbox 600 878 774 940; x_wconf 88' lang='lat' dir='ltr'>apponi</span> <span class='ocrx_word' id='word_1_54' title='bbox 798 892 960 940; x_wconf 87' lang='lat' dir='ltr'>posse,</span> <span class='ocrx_word' id='word_1_55' title='bbox 987 876 1023 920; x_wconf 89' lang='lat' dir='ltr'>si</span> <span class='ocrx_word' id='word_1_56' title='bbox 1053 873 1112 919; x_wconf 93' lang='lat' dir='ltr'>ad</span> <span class='ocrx_word' id='word_1_57' title='bbox 1139 883 1324 936; x_wconf 86' lang='lat' dir='ltr'>tempus</span> <span class='ocrx_word' id='word_1_58' title='bbox 1348 890 1497 935; x_wconf 90' lang='lat' dir='ltr'>usque</span> <span class='ocrx_word' id='word_1_59' title='bbox 1520 873 1632 918; x_wconf 81' lang='lat' dir='ltr'>dor·</span> 
     </span>
     <span class='ocr_line' id='line_1_10' title="bbox 240 950 1635 1012; baseline -0.001 -15"><span class='ocrx_word' id='word_1_60' title='bbox 240 952 447 998; x_wconf 86' lang='lat' dir='ltr'>mitionis</span> <span class='ocrx_word' id='word_1_61' title='bbox 484 970 575 999; x_wconf 80' lang='lat' dir='ltr'>suae</span> <span class='ocrx_word' id='word_1_62' title='bbox 620 954 743 999; x_wconf 90' lang='lat' dir='ltr'>hanc</span> <span class='ocrx_word' id='word_1_63' title='bbox 789 962 965 999; x_wconf 87' lang='lat' dir='ltr'>tantam</span> <span class='ocrx_word' id='word_1_64' title='bbox 999 951 1215 1012; x_wconf 86' lang='lat' dir='ltr'>injuriam</span> <span class='ocrx_word' id='word_1_65' title='bbox 1263 950 1524 1012; x_wconf 83' lang='lat' dir='ltr'>reliquisset</span> <span class='ocrx_word' id='word_1_66' title='bbox 1560 952 1635 996; x_wconf 90' lang='lat' dir='ltr'>in-</span> 
     </span>
     <span class='ocr_line' id='line_1_11' title="bbox 241 1028 428 1075; baseline 0.005 -1"><span class='ocrx_word' id='word_1_67' title='bbox 241 1028 385 1075; x_wconf 91' lang='lat' dir='ltr'>ultam</span> <span class='ocrx_word' id='word_1_68' title='bbox 401 1031 428 1075; x_wconf 87' lang='lat'>³.</span> 
     </span>
    </p>

    <p class='ocr_par' dir='ltr' id='par_1_3' title="bbox 234 1100 1637 2011">
     <span class='ocr_line' id='line_1_12' title="bbox 305 1100 1635 1169; baseline -0.002 -18"><span class='ocrx_word' id='word_1_69' title='bbox 305 1110 360 1151; x_wconf 88' lang='lat' dir='ltr'>Et</span> <span class='ocrx_word' id='word_1_70' title='bbox 393 1106 617 1153; x_wconf 88' lang='lat' dir='ltr'>hactenus</span> <span class='ocrx_word' id='word_1_71' title='bbox 655 1106 871 1169; x_wconf 76' lang='lat' dir='ltr'>quiderm,</span> <span class='ocrx_word' id='word_1_72' title='bbox 903 1121 928 1150; x_wconf 92' lang='lat' dir='ltr'>a</span> <span class='ocrx_word' id='word_1_73' title='bbox 959 1114 1167 1166; x_wconf 87' lang='lat' dir='ltr'>tempore</span> <span class='ocrx_word' id='word_1_74' title='bbox 1192 1100 1377 1147; x_wconf 87' lang='lat' dir='ltr'>foederis</span> <span class='ocrx_word' id='word_1_75' title='bbox 1400 1100 1530 1163; x_wconf 89' lang='lat' dir='ltr'>quod</span> <span class='ocrx_word' id='word_1_76' title='bbox 1555 1118 1635 1148; x_wconf 84' lang='lat' dir='ltr'>rex</span> 
     </span>
     <span class='ocr_line' id='line_1_13' title="bbox 240 1176 1629 1242; baseline -0.005 -13"><span class='ocrx_word' id='word_1_77' title='bbox 240 1200 348 1230; x_wconf 86' lang='lat' dir='ltr'>cum</span> <span class='ocrx_word' id='word_1_78' title='bbox 379 1184 543 1229; x_wconf 80' lang='lat' dir='ltr'>illustri</span> <span class='ocrx_word' id='word_1_79' title='bbox 573 1184 743 1229; x_wconf 87' lang='lat' dir='ltr'>comite</span> <span class='ocrx_word' id='word_1_80' title='bbox 763 1182 822 1228; x_wconf 87' lang='lat' dir='ltr'>de</span> <span class='ocrx_word' id='word_1_81' title='bbox 844 1181 1109 1236; x_wconf 74' lang='lat' dir='ltr'>Clzamloz&#39;s,</span> <span class='ocrx_word' id='word_1_82' title='bbox 1137 1177 1429 1242; x_wconf 80' lang='lat' dir='ltr'>praecedente</span> <span class='ocrx_word' id='word_1_83' title='bbox 1453 1176 1629 1236; x_wconf 83' lang='lat' dir='ltr'>hieme,</span> 
     </span>
     <span class='ocr_line' id='line_1_14' title="bbox 238 1255 1637 1324; baseline -0.004 -19"><span class='ocrx_word' id='word_1_84' title='bbox 238 1277 388 1324; x_wconf 84' lang='lat' dir='ltr'>prope</span> <span class='ocrx_word' id='word_1_85' title='bbox 411 1262 605 1306; x_wconf 77' lang='lat' dir='ltr'>Parisios</span> <span class='ocrx_word' id='word_1_86' title='bbox 626 1269 890 1324; x_wconf 84' lang='lat' dir='ltr'>pepegerat,</span> <span class='ocrx_word' id='word_1_87' title='bbox 911 1268 955 1304; x_wconf 89' lang='lat' dir='ltr'>et</span> <span class='ocrx_word' id='word_1_88' title='bbox 970 1257 1055 1303; x_wconf 89' lang='lat' dir='ltr'>sibi</span> <span class='ocrx_word' id='word_1_89' title='bbox 1079 1266 1223 1302; x_wconf 86' lang='lat' dir='ltr'>terras</span> <span class='ocrx_word' id='word_1_90' title='bbox 1246 1255 1506 1300; x_wconf 75' lang='lat' dir='ltr'>donaverat</span> <span class='ocrx_word' id='word_1_91' title='bbox 1522 1271 1637 1316; x_wconf 89' lang='lat' dir='ltr'>quas</span> 
     </span>
     <span class='ocr_line' id='line_1_15' title="bbox 239 1331 1636 1400; baseline -0.005 -18"><span class='ocrx_word' id='word_1_92' title='bbox 239 1336 381 1400; x_wconf 90' lang='lat' dir='ltr'>paulo</span> <span class='ocrx_word' id='word_1_93' title='bbox 419 1346 526 1383; x_wconf 89' lang='lat' dir='ltr'>ante</span> <span class='ocrx_word' id='word_1_94' title='bbox 559 1346 638 1397; x_wconf 44' lang='lat' dir='ltr'>kut</span> <span class='ocrx_word' id='word_1_95' title='bbox 672 1335 904 1396; x_wconf 81' lang='lat' dir='ltr'>diximus)</span> <span class='ocrx_word' id='word_1_96' title='bbox 937 1333 1290 1397; x_wconf 85' lang='lat' dir='ltr'>quadringentis</span> <span class='ocrx_word' id='word_1_97' title='bbox 1329 1331 1457 1376; x_wconf 84' lang='lat' dir='ltr'>mille</span> <span class='ocrx_word' id='word_1_98' title='bbox 1495 1332 1636 1376; x_wconf 89' lang='lat' dir='ltr'>scutis</span> 
     </span>
     <span class='ocr_line' id='line_1_16' title="bbox 239 1410 1636 1474; baseline -0.004 -16"><span class='ocrx_word' id='word_1_99' title='bbox 239 1413 501 1459; x_wconf 86' lang='lat' dir='ltr'>redemerat</span> <span class='ocrx_word' id='word_1_100' title='bbox 527 1450 537 1469; x_wconf 96' lang='lat'><strong><em>‚</em></strong></span> <span class='ocrx_word' id='word_1_101' title='bbox 579 1413 679 1458; x_wconf 90' lang='lat' dir='ltr'>aliis</span> <span class='ocrx_word' id='word_1_102' title='bbox 717 1413 855 1458; x_wconf 88' lang='lat' dir='ltr'>etiam</span> <span class='ocrx_word' id='word_1_103' title='bbox 894 1410 1199 1474; x_wconf 89' lang='lat' dir='ltr'>postmodum</span> <span class='ocrx_word' id='word_1_104' title='bbox 1239 1418 1406 1472; x_wconf 88' lang='lat' dir='ltr'>sponte</span> <span class='ocrx_word' id='word_1_105' title='bbox 1444 1410 1636 1471; x_wconf 88' lang='lat' dir='ltr'>propria</span> 
     </span>
     <span class='ocr_line' id='line_1_17' title="bbox 238 1486 1635 1552; baseline -0.004 -16"><span class='ocrx_word' id='word_1_106' title='bbox 238 1490 444 1552; x_wconf 81' lang='lat' dir='ltr'>adjectis,</span> <span class='ocrx_word' id='word_1_107' title='bbox 469 1489 791 1536; x_wconf 79' lang='lat' dir='ltr'>existimabant</span> <span class='ocrx_word' id='word_1_108' title='bbox 807 1489 949 1534; x_wconf 87' lang='lat' dir='ltr'>ferme</span> <span class='ocrx_word' id='word_1_109' title='bbox 965 1503 1130 1533; x_wconf 89' lang='lat' dir='ltr'>omnes</span> <span class='ocrx_word' id='word_1_110' title='bbox 1150 1486 1402 1532; x_wconf 87' lang='lat' dir='ltr'>amicitiam</span> <span class='ocrx_word' id='word_1_111' title='bbox 1416 1501 1635 1546; x_wconf 88' lang='lat' dir='ltr'>magnam</span> 
     </span>
     <span class='ocr_line' id='line_1_18' title="bbox 240 1563 1632 1629; baseline -0.004 -17"><span class='ocrx_word' id='word_1_112' title='bbox 240 1576 284 1612; x_wconf 89' lang='lat' dir='ltr'>et</span> <span class='ocrx_word' id='word_1_113' title='bbox 313 1567 506 1629; x_wconf 82' lang='lat' dir='ltr'>gratiam</span> <span class='ocrx_word' id='word_1_114' title='bbox 540 1565 760 1612; x_wconf 88' lang='lat' dir='ltr'>eumdem</span> <span class='ocrx_word' id='word_1_115' title='bbox 793 1565 1012 1610; x_wconf 90' lang='lat' dir='ltr'>comitem</span> <span class='ocrx_word' id='word_1_116' title='bbox 1042 1563 1169 1627; x_wconf 88' lang='lat' dir='ltr'>apud</span> <span class='ocrx_word' id='word_1_117' title='bbox 1196 1579 1355 1624; x_wconf 86' lang='lat' dir='ltr'>regem</span> <span class='ocrx_word' id='word_1_118' title='bbox 1380 1563 1632 1608; x_wconf 86' lang='lat' dir='ltr'>invenisse.</span> 
     </span>
     <span class='ocr_line' id='line_1_19' title="bbox 240 1638 1632 1706; baseline -0.003 -18"><span class='ocrx_word' id='word_1_119' title='bbox 240 1643 513 1706; x_wconf 86' lang='lat' dir='ltr'>Appellabat</span> <span class='ocrx_word' id='word_1_120' title='bbox 550 1643 677 1689; x_wconf 85' lang='lat' dir='ltr'>enim</span> <span class='ocrx_word' id='word_1_121' title='bbox 717 1659 852 1699; x_wconf 83' lang='lat' dir='ltr'>eum,</span> <span class='ocrx_word' id='word_1_122' title='bbox 893 1641 1108 1703; x_wconf 83' lang='lat' dir='ltr'>quotiens</span> <span class='ocrx_word' id='word_1_123' title='bbox 1140 1640 1199 1686; x_wconf 87' lang='lat' dir='ltr'>ad</span> <span class='ocrx_word' id='word_1_124' title='bbox 1234 1656 1344 1685; x_wconf 90' lang='lat' dir='ltr'>eum</span> <span class='ocrx_word' id='word_1_125' title='bbox 1380 1638 1632 1694; x_wconf 88' lang='lat' dir='ltr'>scriberet,</span> 
     </span>
     <span class='ocr_line' id='line_1_20' title="bbox 240 1715 1635 1781; baseline -0.002 -19"><span class='ocrx_word' id='word_1_126' title='bbox 240 1718 386 1764; x_wconf 86' lang='lat' dir='ltr'>filium</span> <span class='ocrx_word' id='word_1_127' title='bbox 411 1736 571 1777; x_wconf 84' lang='lat' dir='ltr'>suum,</span> <span class='ocrx_word' id='word_1_128' title='bbox 599 1729 643 1764; x_wconf 92' lang='lat' dir='ltr'>et</span> <span class='ocrx_word' id='word_1_129' title='bbox 667 1718 1025 1781; x_wconf 83' lang='lat' dir='ltr'>primogenitam</span> <span class='ocrx_word' id='word_1_130' title='bbox 1049 1715 1191 1761; x_wconf 88' lang='lat' dir='ltr'>filiam</span> <span class='ocrx_word' id='word_1_131' title='bbox 1216 1731 1348 1761; x_wconf 86' lang='lat' dir='ltr'>suam</span> <span class='ocrx_word' id='word_1_132' title='bbox 1376 1732 1424 1760; x_wconf 88' lang='lat' dir='ltr'>se</span> <span class='ocrx_word' id='word_1_133' title='bbox 1449 1716 1495 1760; x_wconf 89' lang='lat' dir='ltr'>in</span> <span class='ocrx_word' id='word_1_134' title='bbox 1521 1731 1635 1760; x_wconf 87' lang='lat' dir='ltr'>con·</span> 
     </span>
     <span class='ocr_line' id='line_1_21' title="bbox 234 1792 1637 1856; baseline -0.004 -15"><span class='ocrx_word' id='word_1_135' title='bbox 234 1795 393 1856; x_wconf 85' lang='lat' dir='ltr'>jugem</span> <span class='ocrx_word' id='word_1_136' title='bbox 418 1796 459 1841; x_wconf 92' lang='lat' dir='ltr'>ei</span> <span class='ocrx_word' id='word_1_137' title='bbox 483 1795 598 1840; x_wconf 86' lang='lat' dir='ltr'>velle</span> <span class='ocrx_word' id='word_1_138' title='bbox 626 1795 736 1840; x_wconf 86' lang='lat' dir='ltr'>dare</span> <span class='ocrx_word' id='word_1_139' title='bbox 764 1793 918 1840; x_wconf 87' lang='lat' dir='ltr'>aiebat</span> <span class='ocrx_word' id='word_1_140' title='bbox 936 1795 963 1838; x_wconf 62' lang='lat'>⁵.</span> <span class='ocrx_word' id='word_1_141' title='bbox 1001 1792 1192 1838; x_wconf 90' lang='lat' dir='ltr'>Obierat</span> <span class='ocrx_word' id='word_1_142' title='bbox 1225 1792 1418 1854; x_wconf 88' lang='lat' dir='ltr'>quidem</span> <span class='ocrx_word' id='word_1_143' title='bbox 1441 1807 1637 1837; x_wconf 86' lang='lat' dir='ltr'>consors</span> 
     </span>
     <span class='ocr_line' id='line_1_22' title="bbox 239 1868 1631 1933; baseline -0.004 -16"><span class='ocrx_word' id='word_1_144' title='bbox 239 1871 365 1933; x_wconf 86' lang='lat' dir='ltr'>ejus,</span> <span class='ocrx_word' id='word_1_145' title='bbox 402 1871 573 1917; x_wconf 89' lang='lat' dir='ltr'>nobilis</span> <span class='ocrx_word' id='word_1_146' title='bbox 608 1871 801 1916; x_wconf 85' lang='lat' dir='ltr'>domina</span> <span class='ocrx_word' id='word_1_147' title='bbox 837 1870 929 1915; x_wconf 80' lang='lat' dir='ltr'>filia</span> <span class='ocrx_word' id='word_1_148' title='bbox 965 1869 1097 1914; x_wconf 85' lang='lat' dir='ltr'>ducis</span> <span class='ocrx_word' id='word_1_149' title='bbox 1134 1868 1356 1913; x_wconf 83' lang='lat' dir='ltr'>ssorbonii</span> <span class='ocrx_word' id='word_1_150' title='bbox 1390 1868 1631 1925; x_wconf 85' lang='lat' dir='ltr'>defuncti,</span> 
     </span>
     <span class='ocr_line' id='line_1_23' title="bbox 240 1945 1634 2011; baseline -0.003 -18"><span class='ocrx_word' id='word_1_151' title='bbox 240 1948 456 1993; x_wconf 89' lang='lat' dir='ltr'>moderni</span> <span class='ocrx_word' id='word_1_152' title='bbox 484 1965 617 1993; x_wconf 89' lang='lat' dir='ltr'>soror</span> <span class='ocrx_word' id='word_1_153' title='bbox 633 1951 661 2006; x_wconf 78' lang='lat'>⁵,</span> <span class='ocrx_word' id='word_1_154' title='bbox 695 1958 908 2011; x_wconf 87' lang='lat' dir='ltr'>tempore</span> <span class='ocrx_word' id='word_1_155' title='bbox 927 1963 1023 2008; x_wconf 87' lang='lat' dir='ltr'>quo</span> <span class='ocrx_word' id='word_1_156' title='bbox 1047 1963 1157 1991; x_wconf 88' lang='lat' dir='ltr'>eum</span> <span class='ocrx_word' id='word_1_157' title='bbox 1180 1945 1415 2008; x_wconf 75' lang='lat' dir='ltr'>expeditio</span> <span class='ocrx_word' id='word_1_158' title='bbox 1441 1945 1634 1990; x_wconf 86' lang='lat' dir='ltr'>Montis-</span> 
     </span>
    </p>
   </div>
   <div class='ocr_carea' id='block_1_3' title="bbox 238 2127 1639 2766">
    <p class='ocr_par' dir='ltr' id='par_1_4' title="bbox 293 2127 755 2176">
     <span class='ocr_line' id='line_1_24' title="bbox 293 2127 755 2176; baseline -0.004 -11"><span class='ocrx_word' id='word_1_159' title='bbox 293 2131 330 2167; x_wconf 83' lang='grc'>1.</span> <span class='ocrx_word' id='word_1_160' title='bbox 361 2127 580 2173; x_wconf 87' lang='lat' dir='ltr'>Ci-dessus‚</span> <span class='ocrx_word' id='word_1_161' title='bbox 602 2140 641 2176; x_wconf 89' lang='lat' dir='ltr'>p.</span> <span class='ocrx_word' id='word_1_162' title='bbox 666 2128 755 2163; x_wconf 59' lang='lat'><strong>2134.</strong></span> 
     </span>
    </p>

    <p class='ocr_par' dir='ltr' id='par_1_5' title="bbox 240 2182 1631 2284">
     <span class='ocr_line' id='line_1_25' title="bbox 293 2182 1631 2235; baseline -0.003 -10"><span class='ocrx_word' id='word_1_163' title='bbox 293 2191 330 2226; x_wconf 80' lang='lat'>2.</span> <span class='ocrx_word' id='word_1_164' title='bbox 362 2191 415 2224; x_wconf 87' lang='lat' dir='ltr'>La</span> <span class='ocrx_word' id='word_1_165' title='bbox 444 2186 626 2223; x_wconf 87' lang='lat' dir='ltr'>duchesse</span> <span class='ocrx_word' id='word_1_166' title='bbox 660 2185 818 2223; x_wconf 83' lang='lat' dir='ltr'>Isabelle</span> <span class='ocrx_word' id='word_1_167' title='bbox 845 2184 936 2221; x_wconf 80' lang='lat' dir='ltr'>etait</span> <span class='ocrx_word' id='word_1_168' title='bbox 966 2184 1040 2221; x_wconf 84' lang='lat' dir='ltr'>fille</span> <span class='ocrx_word' id='word_1_169' title='bbox 1069 2183 1120 2221; x_wconf 93' lang='lat' dir='ltr'>du</span> <span class='ocrx_word' id='word_1_170' title='bbox 1149 2184 1205 2221; x_wconf 87' lang='lat' dir='ltr'>roi</span> <span class='ocrx_word' id='word_1_171' title='bbox 1233 2187 1326 2221; x_wconf 85' lang='lat' dir='ltr'>Jean</span> <span class='ocrx_word' id='word_1_172' title='bbox 1358 2182 1404 2221; x_wconf 90' lang='lat' dir='ltr'>de</span> <span class='ocrx_word' id='word_1_173' title='bbox 1437 2185 1631 2235; x_wconf 83' lang='lat' dir='ltr'>Portugal‚</span> 
     </span>
     <span class='ocr_line' id='line_1_26' title="bbox 240 2248 541 2284; baseline -0.003 -1"><span class='ocrx_word' id='word_1_174' title='bbox 240 2255 337 2283; x_wconf 89' lang='lat' dir='ltr'>mort</span> <span class='ocrx_word' id='word_1_175' title='bbox 360 2260 407 2284; x_wconf 90' lang='lat' dir='ltr'>en</span> <span class='ocrx_word' id='word_1_176' title='bbox 426 2248 541 2283; x_wconf 76' lang='lat'><strong>1433.</strong></span> 
     </span>
    </p>

    <p class='ocr_par' dir='ltr' id='par_1_6' title="bbox 238 2301 1636 2472">
     <span class='ocr_line' id='line_1_27' title="bbox 295 2301 1634 2355; baseline -0.004 -12"><span class='ocrx_word' id='word_1_177' title='bbox 295 2309 329 2342; x_wconf 86' lang='lat'>3.</span> <span class='ocrx_word' id='word_1_178' title='bbox 362 2306 391 2342; x_wconf 82' lang='grc' dir='ltr'>ΙΙ</span> <span class='ocrx_word' id='word_1_179' title='bbox 424 2306 565 2342; x_wconf 91' lang='lat' dir='ltr'>semble</span> <span class='ocrx_word' id='word_1_180' title='bbox 596 2304 686 2355; x_wconf 78' lang='lat' dir='ltr'>qu’il</span> <span class='ocrx_word' id='word_1_181' title='bbox 718 2317 741 2352; x_wconf 86' lang='lat' dir='ltr'>y</span> <span class='ocrx_word' id='word_1_182' title='bbox 772 2302 821 2339; x_wconf 90' lang='lat' dir='ltr'>ait</span> <span class='ocrx_word' id='word_1_183' title='bbox 851 2302 898 2339; x_wconf 91' lang='lat' dir='ltr'>ici</span> <span class='ocrx_word' id='word_1_184' title='bbox 927 2315 1003 2339; x_wconf 88' lang='lat' dir='ltr'>une</span> <span class='ocrx_word' id='word_1_185' title='bbox 1034 2301 1190 2347; x_wconf 87' lang='lat' dir='ltr'>lacune,</span> <span class='ocrx_word' id='word_1_186' title='bbox 1221 2301 1386 2351; x_wconf 85' lang='lat' dir='ltr'>quoique</span> <span class='ocrx_word' id='word_1_187' title='bbox 1408 2301 1442 2338; x_wconf 89' lang='lat' dir='ltr'>le</span> <span class='ocrx_word' id='word_1_188' title='bbox 1463 2310 1563 2339; x_wconf 88' lang='lat' dir='ltr'>texte</span> <span class='ocrx_word' id='word_1_189' title='bbox 1583 2301 1634 2338; x_wconf 92' lang='lat' dir='ltr'>du</span> 
     </span>
     <span class='ocr_line' id='line_1_28' title="bbox 239 2360 1636 2412; baseline -0.004 -11"><span class='ocrx_word' id='word_1_190' title='bbox 239 2377 307 2401; x_wconf 87' lang='lat' dir='ltr'>ms.</span> <span class='ocrx_word' id='word_1_191' title='bbox 329 2377 367 2401; x_wconf 91' lang='lat' dir='ltr'>se</span> <span class='ocrx_word' id='word_1_192' title='bbox 383 2365 489 2402; x_wconf 85' lang='lat' dir='ltr'>suive</span> <span class='ocrx_word' id='word_1_193' title='bbox 509 2378 594 2401; x_wconf 87' lang='lat' dir='ltr'>sans</span> <span class='ocrx_word' id='word_1_194' title='bbox 616 2361 881 2412; x_wconf 87' lang='lat' dir='ltr'>interruption.</span> <span class='ocrx_word' id='word_1_195' title='bbox 904 2361 1088 2398; x_wconf 85' lang='lat' dir='ltr'>Recourir</span> <span class='ocrx_word' id='word_1_196' title='bbox 1107 2373 1180 2398; x_wconf 85' lang='lat' dir='ltr'>aux</span> <span class='ocrx_word' id='word_1_197' title='bbox 1196 2361 1396 2397; x_wconf 80' lang='lat' dir='ltr'>Memoires</span> <span class='ocrx_word' id='word_1_198' title='bbox 1411 2360 1458 2397; x_wconf 89' lang='lat' dir='ltr'>de</span> <span class='ocrx_word' id='word_1_199' title='bbox 1472 2363 1636 2410; x_wconf 83' lang='lat' dir='ltr'>Jacques</span> 
     </span>
     <span class='ocr_line' id='line_1_29' title="bbox 238 2422 924 2472; baseline -0.006 -13"><span class='ocrx_word' id='word_1_200' title='bbox 238 2423 439 2472; x_wconf 88' lang='lat' dir='ltr'>Duclercq,</span> <span class='ocrx_word' id='word_1_201' title='bbox 461 2423 486 2458; x_wconf 90' lang='lat' dir='ltr'>l.</span> <span class='ocrx_word' id='word_1_202' title='bbox 510 2425 553 2469; x_wconf 84' lang='lat' dir='ltr'>V,</span> <span class='ocrx_word' id='word_1_203' title='bbox 575 2422 636 2458; x_wconf 85' lang='lat' dir='ltr'>ch.</span> <span class='ocrx_word' id='word_1_204' title='bbox 660 2435 739 2458; x_wconf 76' lang='lat' dir='ltr'>Lvn</span> <span class='ocrx_word' id='word_1_205' title='bbox 758 2428 794 2457; x_wconf 88' lang='lat' dir='ltr'>et</span> <span class='ocrx_word' id='word_1_206' title='bbox 816 2433 924 2457; x_wconf 77' lang='lat' dir='ltr'>Lv111.</span> 
     </span>
    </p>

    <p class='ocr_par' dir='ltr' id='par_1_7' title="bbox 240 2477 1636 2587">
     <span class='ocr_line' id='line_1_30' title="bbox 292 2477 1636 2529; baseline -0.004 -10"><span class='ocrx_word' id='word_1_207' title='bbox 292 2485 328 2518; x_wconf 79' lang='lat'>4.</span> <span class='ocrx_word' id='word_1_208' title='bbox 361 2484 468 2518; x_wconf 91' lang='lat' dir='ltr'>Anne</span> <span class='ocrx_word' id='word_1_209' title='bbox 508 2482 555 2518; x_wconf 90' lang='lat' dir='ltr'>de</span> <span class='ocrx_word' id='word_1_210' title='bbox 591 2484 732 2518; x_wconf 84' lang='lat' dir='ltr'>France</span> <span class='ocrx_word' id='word_1_211' title='bbox 750 2509 758 2525; x_wconf 93' lang='lat'>‚</span> <span class='ocrx_word' id='word_1_212' title='bbox 799 2479 863 2529; x_wconf 89' lang='lat' dir='ltr'>qui</span> <span class='ocrx_word' id='word_1_213' title='bbox 900 2479 955 2516; x_wconf 88' lang='lat' dir='ltr'>fut</span> <span class='ocrx_word' id='word_1_214' title='bbox 988 2477 1128 2515; x_wconf 82' lang='lat' dir='ltr'>mariee</span> <span class='ocrx_word' id='word_1_215' title='bbox 1164 2478 1248 2529; x_wconf 89' lang='lat' dir='ltr'>plus</span> <span class='ocrx_word' id='word_1_216' title='bbox 1286 2477 1369 2514; x_wconf 89' lang='lat' dir='ltr'>tard</span> <span class='ocrx_word' id='word_1_217' title='bbox 1404 2490 1451 2514; x_wconf 86' lang='lat' dir='ltr'>au</span> <span class='ocrx_word' id='word_1_218' title='bbox 1484 2477 1558 2514; x_wconf 86' lang='lat' dir='ltr'>sire</span> <span class='ocrx_word' id='word_1_219' title='bbox 1590 2477 1636 2513; x_wconf 88' lang='lat' dir='ltr'>de</span> 
     </span>
     <span class='ocr_line' id='line_1_31' title="bbox 240 2541 418 2587; baseline 0.006 -9"><span class='ocrx_word' id='word_1_220' title='bbox 240 2541 418 2587; x_wconf 86' lang='lat' dir='ltr'>Beaujeu.</span> 
     </span>
    </p>

    <p class='ocr_par' dir='ltr' id='par_1_8' title="bbox 241 2594 1639 2766">
     <span class='ocr_line' id='line_1_32' title="bbox 294 2594 1639 2643; baseline -0.004 -7"><span class='ocrx_word' id='word_1_221' title='bbox 294 2602 328 2637; x_wconf 82' lang='lat'>5.</span> <span class='ocrx_word' id='word_1_222' title='bbox 364 2599 536 2643; x_wconf 85' lang='lat' dir='ltr'>Isabelle‚</span> <span class='ocrx_word' id='word_1_223' title='bbox 558 2598 632 2635; x_wconf 81' lang='lat' dir='ltr'>fille</span> <span class='ocrx_word' id='word_1_224' title='bbox 653 2597 701 2634; x_wconf 90' lang='lat' dir='ltr'>du</span> <span class='ocrx_word' id='word_1_225' title='bbox 719 2597 780 2633; x_wconf 87' lang='lat' dir='ltr'>seu</span> <span class='ocrx_word' id='word_1_226' title='bbox 800 2596 872 2633; x_wconf 86' lang='lat' dir='ltr'>duc</span> <span class='ocrx_word' id='word_1_227' title='bbox 893 2595 1045 2634; x_wconf 82' lang='lat' dir='ltr'>Charles</span> <span class='ocrx_word' id='word_1_228' title='bbox 1062 2595 1108 2632; x_wconf 88' lang='lat' dir='ltr'>de</span> <span class='ocrx_word' id='word_1_229' title='bbox 1126 2594 1304 2632; x_wconf 89' lang='lat' dir='ltr'>Bourbon</span> <span class='ocrx_word' id='word_1_230' title='bbox 1321 2602 1357 2631; x_wconf 89' lang='lat' dir='ltr'>et</span> <span class='ocrx_word' id='word_1_231' title='bbox 1376 2607 1477 2631; x_wconf 84' lang='lat' dir='ltr'>soeur</span> <span class='ocrx_word' id='word_1_232' title='bbox 1495 2594 1546 2630; x_wconf 88' lang='lat' dir='ltr'>du</span> <span class='ocrx_word' id='word_1_233' title='bbox 1565 2594 1639 2631; x_wconf 87' lang='lat' dir='ltr'>duc</span> 
     </span>
     <span class='ocr_line' id='line_1_33' title="bbox 241 2653 1639 2706; baseline -0.004 -10"><span class='ocrx_word' id='word_1_234' title='bbox 241 2659 361 2696; x_wconf 88' lang='lat' dir='ltr'>actuel</span> <span class='ocrx_word' id='word_1_235' title='bbox 379 2662 483 2696; x_wconf 85' lang='lat' dir='ltr'>Jean.</span> <span class='ocrx_word' id='word_1_236' title='bbox 507 2659 586 2694; x_wconf 86' lang='lat' dir='ltr'>Elle</span> <span class='ocrx_word' id='word_1_237' title='bbox 604 2665 756 2694; x_wconf 83' lang='lat' dir='ltr'>mourut</span> <span class='ocrx_word' id='word_1_238' title='bbox 776 2659 795 2693; x_wconf 73' lang='grc' dir='ltr'>ξι</span> <span class='ocrx_word' id='word_1_239' title='bbox 812 2660 958 2693; x_wconf 83' lang='lat' dir='ltr'>Anvers</span> <span class='ocrx_word' id='word_1_240' title='bbox 976 2656 1010 2693; x_wconf 90' lang='lat' dir='ltr'>le</span> <span class='ocrx_word' id='word_1_241' title='bbox 1031 2658 1080 2693; x_wconf 63' lang='lat'>95</span> <span class='ocrx_word' id='word_1_242' title='bbox 1100 2655 1312 2706; x_wconf 85' lang='lat' dir='ltr'>septembre</span> <span class='ocrx_word' id='word_1_243' title='bbox 1334 2657 1451 2699; x_wconf 65' lang='lat'><strong>1465,</strong></span> <span class='ocrx_word' id='word_1_244' title='bbox 1473 2653 1639 2704; x_wconf 84' lang='lat' dir='ltr'>pendant</span> 
     </span>
     <span class='ocr_line' id='line_1_34' title="bbox 243 2716 930 2766; baseline 0 -12"><span class='ocrx_word' id='word_1_245' title='bbox 243 2731 316 2766; x_wconf 87' lang='lat' dir='ltr'>qne</span> <span class='ocrx_word' id='word_1_246' title='bbox 339 2731 406 2754; x_wconf 85' lang='lat'>5011</span> <span class='ocrx_word' id='word_1_247' title='bbox 428 2718 523 2754; x_wconf 84' lang='lat' dir='ltr'>mari</span> <span class='ocrx_word' id='word_1_248' title='bbox 544 2718 631 2753; x_wconf 79' lang='lat' dir='ltr'>etait</span> <span class='ocrx_word' id='word_1_249' title='bbox 654 2716 792 2754; x_wconf 81' lang='lat' dir='ltr'>devant</span> <span class='ocrx_word' id='word_1_250' title='bbox 812 2716 930 2754; x_wconf 87' lang='lat' dir='ltr'>Paris.</span> 
     </span>
    </p>
   </div>
  </div>
 </body>
</html>
