1923 3020
730 288 873 324 LIBER
910 286 1178 324 SECUNDUS.
1584 286 1657 321 197

688 494 894 538 CAPITU
904 495 1024 538 LUM
1058 495 1220 538 XXIII.

253 629 302 661 De
323 628 446 661 iterato
464 627 708 662 Leodiensium
726 631 895 673 tumultu,
913 631 972 674 qui
991 638 1022 662 et
1041 629 1247 675 episcopum
1263 641 1365 662 suum
1390 629 1541 674 Tungris
1558 640 1660 674 cepe-

299 689 399 723 runt;
418 688 450 713 et
467 679 510 712 de
528 681 711 715 obsidione
727 681 851 716 Leodii
868 695 930 728 per
949 681 1075 715 ducem
1092 681 1322 728 Burgund1ae‚
1347 681 1549 715 comitatum
1566 694 1659 728 prae-

300 733 409 767 sentia
424 733 514 779 regis
532 735 749 768 Francorum
763 738 787 768 '.

319 856 398 901 His
422 857 577 919 itaque
598 859 798 916 omissis,
826 857 886 903 ad
910 857 1160 921 propositae
1185 858 1488 914 narrationis,
1515 873 1541 904 a
1565 875 1661 920 quo

254 932 499 995 paululum
525 933 716 997 digressi
741 951 927 990 sumus,
959 934 1175 979 ordinem
1202 944 1486 981 revertentes
1514 954 1524 980 ε
1551 952 1662 981 cum

252 1008 396 1055 iidem
444 1011 570 1055 stulti
611 1010 856 1056 Eburones
894 1011 1106 1056 viderent
1140 1027 1249 1056 cum
1292 1013 1474 1073 magnis
1512 1014 1663 1076 copiis

253 1090 541 1132 Francorum
568 1103 746 1150 regern,
772 1089 853 1150 qui
875 1088 947 1150 (ut
970 1087 1194 1149 diximus)
1214 1103 1294 1132 eos
1320 1088 1366 1132 in
1391 1104 1522 1134 arma
1545 1106 1662 1135 con-

251 1164 432 1220 citarat,
459 1173 602 1209 terras
624 1164 1017 1225 Burgundionum
1038 1163 1172 1209 ducis
1191 1163 1537 1226 propinquasse
1560 1166 1663 1229 (qui

251 1239 362 1297 dux,
392 1250 442 1285 ut
466 1240 687 1298 diximus,
711 1241 851 1286 etiam
874 1241 1034 1304 copias
1056 1242 1180 1286 circa
1205 1243 1440 1286 Peronam
1462 1242 1662 1305 college-

251 1318 373 1379 rat),
398 1328 569 1364 cuncta
592 1334 729 1377 saeva,
752 1318 948 1364 adversa
964 1328 1107 1381 atque
1125 1318 1329 1364 infausta
1353 1319 1529 1364 eisdem
1553 1323 1664 1366 Bur-

251 1392 573 1454 gundionibus
621 1403 911 1456 proventura
956 1402 1205 1457 putantes,
1255 1393 1662 1456 quemadmodum

251 1469 369 1514 votis
398 1470 687 1515 omnimodis
716 1480 762 1515 et
791 1470 1196 1516 obsecrationibus
1226 1471 1583 1534 exspectabant,
1618 1484 1664 1519 et

250 1556 500 1608 propterea
541 1556 753 1609 paratam
795 1546 881 1592 sibi
921 1547 980 1592 ad
1021 1564 1068 1593 se
1110 1546 1169 1593 de
1207 1548 1272 1593 eis
1315 1547 1664 1595 ulciscendum²

250 1623 657 1685 opportunitatem
701 1623 862 1669 adesse
904 1624 1219 1669 existimantes
1242 1660 1253 1680 ‚
1306 1625 1659 1673 multitudinem

249 1699 507 1760 quamdam
528 1716 584 1745 ex
604 1701 906 1763 iniquissimis
926 1701 1068 1746 totius
1087 1700 1236 1764 plebis
1256 1717 1350 1746 suae
1370 1701 1449 1764 (de
1470 1703 1535 1748 eis
1557 1704 1656 1766 qui,

251 1777 484 1821 malorum
509 1792 536 1821 a
562 1793 609 1821 se
637 1786 932 1840 patratorum
964 1778 1250 1823 conscientia
1277 1778 1501 1823 stimuIati
1530 1788 1574 1823 et
1601 1780 1661 1825 de

250 1852 570 1898 misericordia
594 1854 864 1917 principum
887 1852 1047 1909 diffisi,
1077 1854 1139 1900 ob
1170 1870 1367 1899 suorum
1391 1855 1660 1902 immanita-

250 1938 344 1974 tem
378 1929 640 1976 facinorum
673 1947 698 1975 e
734 1930 918 1976 civitate
947 1930 1276 1993 profugerant,
1307 1930 1422 1975 dum
1449 1931 1658 1993 ejusdem

250 2007 424 2052 moenia
475 2017 521 2052 et
563 2017 714 2053 turres
750 2008 939 2069 dejectae
977 2007 1309 2069 demolitaeque
1348 2008 1567 2070 fuissent)
1612 2010 1658 2054 in

247 2100 380 2130 suam
406 2094 690 2149 receperunt
712 2085 963 2130 civitatem.
993 2087 1147 2140 Quam
1178 2085 1263 2129 etsi
1291 2084 1411 2130 forte
1438 2085 1588 2147 major
1613 2096 1659 2132 et

248 2162 408 2208 sanior
441 2178 548 2225 pars
585 2161 706 2206 illius
738 2161 902 2225 populi
935 2161 1130 2206 minime
1166 2160 1463 2221 advocasset,
1502 2161 1656 2208 eidem

249 2248 424 2296 tamen,
453 2256 563 2285 cum
584 2255 787 2302 praesens
810 2238 976 2297 adsuit,
1003 2254 1102 2284 sese
1123 2239 1372 2284 unanimes
1391 2249 1436 2285 et
1457 2256 1658 2286 consen-

245 2318 414 2364 tientes
437 2317 755 2381 praebuerunt.

311 2397 567 2457 Coeperunt
594 2395 734 2457 igitur
759 2394 917 2439 denuo
946 2394 1205 2440 instaurare
1237 2411 1422 2453 muros,
1457 2411 1657 2458 purgare

247 2471 438 2528 vallum,
457 2470 824 2534 propugnaculis
841 2487 939 2516 sese
954 2487 1181 2534 suamque
1198 2472 1382 2517 munire
1397 2472 1651 2531 civitatem,

245 2559 289 2595 et
305 2550 464 2608 armis,
479 2549 812 2612 undecumque
830 2565 883 2595 ea
900 2551 1181 2612 conquirere
1199 2560 1407 2615 possent,
1425 2551 1655 2596 instruere

304 2706 335 2739 l.
368 2704 544 2754 Chapitre
573 2703 702 2755 public
720 2704 812 2742 dans
837 2706 1110 2755 l’Amplissima
1129 2709 1307 2753 collectio,
1330 2714 1356 2743 t.
1379 2708 1442 2752 lV,
1466 2706 1538 2744 col.
1562 2709 1650 2742 755.

301 2765 337 2801 2.
375 2766 590 2801 Ulciscendo
610 2763 703 2802 dans
723 2763 758 2801 le
777 2777 847 2803 ms.
