1923 3020
291 262 365 298 184
655 256 990 292 HISTORIARUM
1018 256 1254 291 LUDOVICI
1281 257 1338 290 XI

291 347 495 394 reddidit
519 355 660 407 atque
684 343 904 388 invisum.
933 341 1075 398 Quod
1099 358 1154 387 ex
1180 342 1308 406 ipsis,
1335 357 1438 404 quae
1461 341 1507 386 in
1532 358 1693 389 conse-

289 422 569 488 quentibus,
597 438 683 466 suo
708 419 897 474 ordine,
929 419 1204 479 reserentur,
1235 418 1524 464 manifestius
1548 434 1692 482 appa-

285 501 423 547 rebit.

350 577 493 639 Igitur
524 583 575 620 ut
603 573 894 619 matrimonii
925 574 1153 619 solemnia
1182 582 1446 635 agerentur,
1476 571 1690 619 traducta

284 664 352 701 est
385 654 433 698 in
472 650 738 697 Flandriam
776 650 981 695 Edoardi
1010 667 1161 704 soror,
1196 660 1241 695 et
1271 654 1464 711 BrugaS,
1509 649 1689 711 insigne

282 731 514 796 oppidum
550 729 803 787 Flandriae,
842 728 1084 787 adducta¹,
1124 727 1202 773 ubi
1239 728 1426 773 illustris
1460 727 1683 786 Carolus,

280 807 672 871 Burgundionum
697 807 814 866 dux,
843 823 898 851 cu
909 823 952 850 m
977 815 1104 851 tanta
1128 804 1503 868 spectaculorum
1530 806 1685 851 varie-

278 895 370 932 tate
403 895 449 931 et
476 885 861 930 vestimentorum
890 892 1076 942 ornatu,
1105 900 1212 928 cum
1237 892 1364 928 tanta
1389 882 1686 946 supellectilis

277 963 406 1008 aurei
426 972 470 1008 et
493 961 699 1023 argentei
723 960 878 1023 copia,
908 959 1190 1005 serculorum
1212 974 1388 1022 pompa
1408 969 1547 1021 atque
1572 976 1684 1005 exu-

276 1039 518 1097 berantia,
557 1037 945 1100 abundantiaque
989 1038 1207 1081 vinorum
1256 1046 1299 1081 et
1351 1035 1682 1082 artificatarum

276 1116 555 1179 potionum,
595 1114 867 1159 convivium
907 1113 1070 1158 instrui
1106 1123 1246 1175 atque
1284 1114 1498 1175 apparari
1533 1113 1677 1171 fecit2,

274 1192 406 1255 quod
439 1207 685 1254 nunquam
713 1207 842 1254 paene
873 1189 1230 1252 magnificentiae
1267 1190 1522 1235 consimilis
1555 1190 1681 1236 aliud

273 1270 364 1316 tale
397 1268 525 1333 apud
561 1268 744 1325 Gallos,
784 1270 1045 1312 Germanos
1088 1277 1168 1313 aut
1209 1268 1459 1313 Britannos
1507 1267 1681 1314 factum

271 1347 410 1392 fuisse
438 1345 686 1391 recolatur.
720 1344 811 1390 Sed
841 1344 950 1406 quia
978 1354 1104 1390 extra
1133 1354 1348 1389 nostrum
1379 1345 1679 1407 propositum

269 1433 335 1469 est
381 1423 498 1468 velle
553 1421 757 1484 singulas
814 1420 936 1466 illius
992 1421 1381 1484 splendidissimae
1424 1421 1678 1468 festivitatis

270 1511 423 1564 partes
447 1499 658 1561 exsequi,
690 1499 801 1561 ipsis
827 1498 887 1543 ab
911 1498 1034 1557 aliis,
1062 1499 1226 1544 talium
1254 1515 1410 1544 rerum
1431 1499 1673 1557 studiosis,

266 1576 541 1623 enarrandis
589 1575 844 1633 derelictis,
891 1585 1056 1622 aetem
1093 1576 1226 1637 juxta
1257 1585 1484 1640 susceptae
1516 1592 1677 1621 narra-

268 1654 408 1699 tionis
432 1653 650 1699 ordinem
674 1668 1034 1716 prosequamur,
1063 1653 1123 1698 ad
1155 1670 1305 1698 unum
1333 1661 1517 1709 tamen,
1545 1652 1676 1715 quod

265 1729 480 1776 nondum
516 1746 540 1775 a
571 1729 708 1775 nobis
739 1729 937 1775 relatum
963 1730 1159 1787 exstitit,
1188 1739 1370 1791 gestum
1400 1729 1543 1792 paulo
1567 1739 1675 1776 ante

263 1806 535 1869 hujusmodi
586 1807 858 1870 nuptiarum
909 1816 1048 1869 atque
1089 1806 1274 1852 foederis
1321 1806 1673 1869 copulationem

262 1894 565 1930 revertentes.

315 2041 352 2077 1.
372 2040 552 2076 L'auteur
565 2040 728 2091 anticipe
746 2054 811 2077 sur
830 2040 883 2078 les
899 2041 1158 2089 evenements,
1180 2054 1244 2078 car
1262 2040 1298 2078 la
1317 2040 1507 2091 princesse
1526 2039 1670 2077 d’York

258 2112 307 2136 ne
328 2098 522 2149 debarqua
541 2102 561 2136 a
584 2092 746 2137 l’Eeluse
766 2113 840 2150 que
861 2101 895 2137 le
924 2103 973 2137 *25
999 2100 1084 2147 juin
1111 2102 1227 2137 1468.
1258 2103 1309 2137 Le
1332 2100 1499 2151 mariage
1525 2113 1565 2137 se
1587 2100 1626 2136 fit
1650 2102 1670 2136 a

260 2161 373 2203 Dam,
396 2157 429 2194 le
451 2160 471 2194 3
489 2159 613 2205 juillet
633 2159 798 2196 suivant.

313 2219 351 2253 2.
383 2218 433 2253 Ce
463 2217 570 2255 sestin
591 2227 655 2256 eut
679 2218 755 2256 lieu
778 2218 1061 2257 effectivement
1086 2222 1105 2256 a
1135 2222 1279 2271 Bruges
1303 2221 1337 2258 le
1361 2220 1449 2267 jour
1475 2221 1597 2256 nieme
1618 2219 1669 2256 du

260 2275 441 2325 mariage.
