1923 3020
683 268 825 303 LIBER
857 266 1119 303 SECUNDUS.
1538 267 1612 302 173

224 354 427 400 incendii
452 354 724 417 magnitudo
749 353 912 400 eadem
936 353 1033 416 pari
1065 369 1172 398 cum
1204 354 1377 398 caeteris
1409 352 1612 399 aedificiis

222 430 484 476 calamitate
509 429 781 475 involveret.
806 430 971 474 Moenia
996 444 1185 490 quoque
1208 437 1253 473 et
1277 438 1424 474 turres
1451 446 1614 474 omnes

223 507 410 568 dejectae
434 517 562 561 sunt,
591 516 634 552 et
657 506 829 551 vallum
853 504 1225 568 complanatum,
1257 505 1479 568 locusque
1501 522 1613 551 san-

222 584 338 628 citus
369 598 428 626 ne
450 582 662 645 posthac,
692 582 736 626 in
761 582 1035 627 memoriam
1059 580 1389 626 sceleratorum
1420 583 1609 639 civium,

221 659 433 720 quisnam
464 657 556 703 illic
585 657 809 703 aedificare
837 666 915 703 aut
946 657 1255 702 habitationes
1281 657 1428 703 facere
1460 668 1610 704 atten-

221 734 377 778 taret¹.

281 808 495 854 Mulieres
525 825 665 866 vero,
698 826 791 871 quo
820 808 1012 863 vellent,
1042 824 1148 852 cum
1186 808 1257 853 his
1292 809 1463 871 quibus
1500 828 1611 874 ope-

219 882 460 929 riebantur
486 885 791 944 indumentis,
818 884 961 930 libere
984 882 1112 928 abire
1139 885 1375 946 permissae
1398 888 1544 932 sunt².

283 963 338 1006 Et
364 960 457 1006 hoc
488 961 676 1023 quidem
699 962 887 1007 exitium
911 961 1163 1005 minantum
1187 962 1386 1024 accepit;
1416 973 1459 1007 et
1486 963 1612 1009 hunc

217 1052 506 1094 succursum,
530 1037 627 1082 haec
647 1036 966 1100 opitulationis
989 1035 1167 1092 solatia,
1189 1035 1310 1081 hanc
1330 1036 1436 1082 fidei
1455 1039 1611 1084 obser-

216 1113 420 1158 vantiam
459 1122 596 1175 atque
632 1113 927 1158 tenacitatem
965 1111 1089 1175 apud
1120 1112 1434 1172 Imdovicmn,
1470 1118 1610 1160 Fran-

216 1204 380 1234 corum
416 1206 598 1251 regem,
641 1198 751 1234 tunc
788 1188 985 1245 inveni13
1024 1187 1082 1233 de
1120 1187 1291 1250 quibus
1320 1205 1416 1234 non
1455 1191 1611 1237 minus

215 1264 475 1322 confidere⁷
504 1281 645 1327 quam
674 1267 933 1325 Saguntum
964 1264 1075 1309 olim
1111 1263 1168 1309 de
1203 1266 1445 1323 Romanis,
1480 1267 1608 1313 vide-

215 1339 366 1385 batur.

646 1486 980 1530 CAPITULUM
1015 1487 1175 1530 XVIII.

374 1609 424 1641 De
441 1608 562 1641 iterato
578 1616 705 1641 conatu
726 1607 968 1640 Leodiensium
985 1616 1017 1640 et
1033 1619 1117 1653 pace
1134 1608 1182 1643 eis
1197 1608 1320 1642 iterum
1338 1608 1418 1644 data
1430 1637 1438 1652 ,

659 1661 804 1706 acceptis
820 1661 863 1694 ab
883 1661 930 1694 eis
946 1661 1125 1694 obsidibus
1136 1662 1161 1694 ³.

277 1778 554 1825 Leodienses
585 1788 738 1824 autem
767 1788 812 1824 et
842 1795 898 1824 ex
931 1778 1029 1824 aliis
1062 1780 1220 1842 patriae
1251 1781 1435 1843 oppidis
1466 1791 1605 1845 atque

211 1853 329 1900 villis
352 1856 531 1919 populi,
558 1872 656 1902 sese
680 1856 726 1901 in
751 1871 899 1900 unum
925 1871 1090 1918 agmen
1116 1866 1351 1918 cogentes,
1378 1874 1487 1903 cum
1512 1860 1605 1905 suis

207 2008 432 2055 Bouvyne5‚
455 2009 475 2043 a
503 2006 538 2043 la
562 2015 669 2058 grant
697 2014 869 2056 requeste
890 2005 937 2043 de
959 2006 1069 2043 ceulx
1089 2006 1197 2043 dudit
1222 2010 1435 2059 Bouvynes.
1462 2026 1478 2041 »
1502 2011 1599 2048 Phil.

209 2065 256 2102 de
279 2066 508 2112 Commines,
530 2066 555 2104 l.
575 2068 627 2112 ΙΙ,
647 2066 707 2102 011.
727 2080 754 2101 1.

261 2126 297 2160 1.
333 2143 348 2157 u
369 2127 414 2161 Et
434 2125 624 2161 tellement
651 2139 674 2174 y
691 2125 746 2160 sut
762 2124 942 2175 besoigne
960 2138 1049 2174 que,
1073 2133 1206 2174 quatre
1222 2126 1329 2172 joui-s
1350 2129 1459 2177 apres
1483 2129 1518 2166 le
1540 2130 1601 2167 seu

207 2182 332 2233 prins,
355 2183 463 2220 ceulx
493 2197 568 2233 quy
593 2184 836 2234 regardaicnt
862 2186 895 2220 Ia
920 2184 1026 2233 place
1052 2187 1100 2220 ou
1123 2185 1157 2221 la
1180 2185 1266 2222 ville
1289 2187 1390 2222 avoit
1412 2190 1502 2235 0510,
1526 2202 1598 2238 po-

206 2243 335 2279 voient
357 2243 437 2280 dire
458 2259 465 2278 2
490 2246 544 2292 Cy
566 2243 643 2280 feut
664 2241 835 2292 Dyliant!
856 2262 870 2274 u
894 2246 1053 2292 Jacques
1074 2242 1274 2293 Duclemq,
1297 2244 1321 2281 l.
1344 2247 1390 2290 V,
1411 2245 1471 2282 ch.
1495 2260 1558 2285 Lx.

258 2303 296 2337 2.
332 2317 349 2333 α
366 2304 418 2338 Le
439 2311 561 2338 comte
584 2302 649 2338 seit
667 2302 803 2337 vuider
822 2301 910 2337 hors
928 2301 973 2338 de
994 2301 1028 2337 la
1047 2302 1136 2338 ville
1156 2302 1207 2338 les
1226 2311 1332 2350 gents
1352 2303 1520 2355 d’bghse,
1548 2306 1600 2342 les

206 2360 363 2396 semines
383 2369 420 2396 et
439 2363 548 2412 petits
574 2362 734 2407 ensants‚
761 2369 796 2397 et
817 2361 868 2397 les
890 2360 955 2396 seit
973 2359 1154 2396 conduire
1175 2374 1243 2410 par
1263 2374 1321 2398 ses
1339 2371 1444 2412 gents
1460 2363 1599 2414 jusque

203 2422 290 2470 pres
313 2421 360 2458 de
379 2422 415 2458 la
433 2423 504 2459 cite
525 2423 571 2460 de
594 2423 724 2473 Liege,
746 2436 791 2459 011
815 2423 896 2459 leur
917 2422 1083 2458 donnant
1106 2423 1238 2473 congic
1257 2432 1292 2460 01
1312 2437 1357 2460 011
1376 2424 1427 2460 105
1448 2425 1599 2462 laiss-ant

202 2479 380 2517 delivrer.
411 2482 628 2530 Lesquelles
660 2484 829 2525 Iemmes,
862 2481 970 2530 petits
1002 2481 1148 2517 enfants
1178 2489 1214 2517 et
1240 2491 1345 2532 gents
1373 2483 1552 2533 d⁷eglise,
1577 2486 1597 2522 ὲ

202 2538 312 2576 l'issir
326 2540 372 2576 de
388 2540 421 2576 la
436 2541 540 2587 ville,
557 2542 734 2587 jettcrent
754 2540 867 2577 deulx
884 2554 931 2576 ou
947 2540 1036 2576 trois
1051 2540 1122 2576 eris
1138 2553 1179 2589 sy
1196 2541 1368 2578 terribles
1385 2549 1421 2577 et
1435 2543 1594 2591 piteulx‚

202 2610 275 2647 que
295 2607 378 2635 tous
398 2601 505 2635 ceulx
532 2600 596 2648 qui
621 2599 673 2636 les
693 2607 854 2648 ouyrent
878 2607 1011 2636 eurent
1040 2599 1130 2648 pitie
1157 2608 1193 2636 et
1218 2608 1377 2637 terreur.
1396 2617 1410 2632 »
1437 2603 1597 2650 Jacques

202 2656 410 2706 Duclercq‚
436 2657 462 2694 l.
486 2660 530 2704 V,
557 2658 617 2694 ch.
642 2672 718 2694 mx,

256 2716 292 2752 3.
324 2714 501 2765 Chapitre
521 2715 650 2766 public}
666 2715 758 2752 dans
780 2716 1047 2764 l'Amplz'ssima
1062 2719 1244 2762 collectio,
1270 2725 1294 2753 t.
1319 2720 1382 2766 IV,
1406 2719 1477 2754 col.
1503 2721 1592 2759 751.
