1923 3020
263 251 284 284 6
626 247 964 284 HISTORIARUM
993 250 1227 285 LUDOVICI
1262 249 1318 284 XI

260 336 346 382 sibi
382 334 605 380 amicitias
643 336 990 398 conquisierat,
1040 352 1135 380 non
1178 334 1355 397 absque
1392 334 1556 398 capitis
1595 337 1666 381 sui

263 413 637 474 multorumque,
666 413 742 473 qui
769 428 877 456 eum
903 421 1143 474 receptare
1167 413 1213 456 in
1239 411 1435 457 diversis
1462 410 1666 457 latibulis

260 488 356 534 ausi
384 487 592 544 suerunt,
630 487 804 546 ingenti
829 487 1121 543 discrimine,
1151 505 1234 550 per
1258 487 1450 550 aliquod
1484 497 1667 550 tempus

259 565 442 611 delituit
476 563 562 609 sul)
599 563 892 609 dissimulato
928 563 1114 619 habitu,
1159 564 1341 610 diversa
1372 564 1475 610 loca
1501 581 1665 627 perva-

257 650 413 702 gatus;
438 656 548 685 nam
570 656 806 702 nusquam
824 639 930 685 loco
947 657 1044 685 uno
1062 640 1143 686 diu
1164 641 1306 687 latere
1327 650 1529 705 poterat,
1554 658 1662 686 cuni

263 735 394 783 paene
418 718 590 779 ubique
612 718 978 781 perquireretur,
998 727 1041 763 et
1067 735 1176 763 eum
1201 718 1666 782 apprehendentibus

261 796 477 860 praemia,
520 794 874 858 receptantibus
912 811 1022 839 vero
1055 806 1100 839 ct
1138 795 1395 841 celantibus
1422 812 1531 841 eum
1557 812 1667 859 sup-

259 873 395 937 plicia
447 871 610 917 edictis
668 871 902 933 regalibus
960 871 1149 934 publice
1197 873 1440 935 proposita
1495 881 1664 918 essent.

261 950 431 1006 Quales
458 966 571 994 vero
592 949 740 994 exitus
765 949 962 1010 quisque
991 965 1181 1007 eorum,
1208 959 1459 1011 postquam
1483 948 1588 994 talia
1610 949 1669 994 de

262 1027 380 1089 regis
404 1025 733 1072 benevolentia
758 1025 1067 1088 percepisset,
1096 1025 1356 1082 invenerit,
1392 1034 1553 1089 postea
1583 1042 1668 1070 suo

263 1103 428 1149 ordine
452 1102 694 1147 reseretur.

327 1184 491 1225 Factus
506 1179 645 1241 igitur
665 1194 874 1233 securuS,
901 1186 943 1222 et
963 1178 1075 1239 quia
1099 1176 1256 1223 nullus
1270 1177 1328 1223 ad
1349 1177 1672 1224 contradicen-

264 1257 377 1303 dum
401 1255 699 1301 coronationi
722 1271 815 1299 sua}
840 1253 1029 1300 auderet
1056 1271 1103 1300 se
1128 1255 1354 1318 ingerere,
1380 1264 1424 1300 et
1447 1256 1672 1318 quoniam

266 1334 487 1379 militares
508 1332 655 1395 copiae.
674 1331 818 1394 patris
838 1341 1068 1396 promptae
1086 1331 1145 1377 ad
1165 1332 1483 1378 obediendum
1499 1341 1668 1391 essent,

267 1410 440 1456 eisdem
468 1410 601 1454 novis
637 1408 840 1454 ducibus
868 1426 949 1454 seu
979 1409 1233 1472 capitaneis
1259 1409 1435 1471 majore
1461 1426 1516 1455 ex
1544 1419 1675 1472 parte

267 1486 529 1533 commissis
551 1522 562 1544 ,
610 1485 669 1530 ad
702 1485 867 1531 urbem
901 1489 1175 1531 Remensem
1199 1524 1209 1542 ,
1252 1487 1299 1531 in
1335 1502 1427 1548 qua
1460 1485 1518 1531 de
1541 1502 1673 1531 more

268 1567 557 1609 Francorum
583 1579 714 1625 reges
748 1562 909 1625 inungi
939 1562 1119 1620 solent,
1147 1563 1430 1625 quantocius
1453 1561 1675 1608 accedere

270 1639 517 1685 festinavit.

338 1716 405 1761 Ad
423 1733 566 1779 quam
582 1733 637 1761 ex
661 1716 926 1774 Brabantia,
945 1715 1069 1761 illius
1084 1715 1274 1761 illustris
1290 1713 1676 1776 Burgundionum

272 1794 404 1839 ducis
443 1793 643 1857 Philippi
688 1794 933 1856 praesentia
978 1793 1258 1855 comitisque
1300 1792 1359 1837 de
1407 1791 1673 1845 Clearoloz‘s,

273 1872 371 1932 ejus
396 1870 474 1915 filii
505 1870 657 1929 unic-i,
696 1870 967 1932 ingentique
998 1886 1246 1933 procerum
1283 1879 1421 1932 atque
1446 1867 1677 1913 nobilium

276 1948 489 1992 ninnium
527 1957 754 1992 terrarum
795 1964 987 1992 suarum
1020 1947 1349 1992 honestissima
1382 1944 1678 1990 multitudine

276 2023 487 2084 stipatus,
516 2039 625 2068 cum
648 2023 894 2068 transitum
914 2022 1100 2081 faceret,
1127 2022 1253 2085 apud
1278 2021 1506 2085 oppidum
1534 2024 1678 2066 Aven-

278 2099 567 2145 nis-Comitis
583 2135 595 2157 ,
638 2100 684 2145 in
720 2099 1025 2158 Hannonia¹,
1054 2100 1197 2162 patris
1220 2099 1460 2161 exsequias
1484 2107 1526 2143 et
1550 2113 1679 2143 sacra

281 2174 453 2219 funeris
490 2177 736 2238 persolvit,
778 2186 875 2221 tarn
914 2192 1027 2221 vero
1066 2176 1194 2221 tenui
1228 2186 1273 2221 et
1306 2174 1410 2220 exili
1435 2190 1610 2237 pompa
1634 2183 1681 2218 et

280 2251 488 2313 impensa
507 2254 518 2274 ²
544 2262 608 2307 ut,
635 2253 822 2314 qualem
847 2252 906 2297 ad
930 2253 1165 2298 viventem
1187 2253 1402 2298 affectum
1422 2250 1678 2308 habuisset,

280 2330 388 2374 satis
411 2345 462 2372 ex
492 2328 583 2373 boc
610 2330 705 2391 ipse
730 2329 967 2376 indicavit.
998 2334 1240 2385 Quantum
1258 2345 1370 2374 vero
1394 2328 1571 2373 luctum
1595 2344 1681 2392 pro

283 2405 395 2449 tanti
418 2404 621 2448 carentia
640 2405 780 2466 patris
801 2414 845 2448 et
863 2406 994 2450 obitu
1015 2406 1270 2450 introrsum
1292 2405 1479 2449 duceret
1501 2404 1679 2462 animo,

283 2480 573 2525 dissimulare
604 2496 699 2523 non
730 2481 912 2542 potuit,
950 2482 1030 2543 qui
1070 2482 1170 2544 ipso
1203 2481 1530 2544 exsequiarum
1571 2480 1678 2538 die,

340 2611 371 2645 1.
410 2624 424 2638 «
444 2605 845 2651 Avesncs-lc-Comte,
871 2619 916 2641 cn
940 2607 1116 2643 llainaut.
1135 2625 1149 2639 »

335 2667 371 2702 2.
404 2665 654 2716 Exagcration
676 2664 766 2700 dont
785 2677 835 2700 on
860 2677 898 2700 se
926 2664 1154 2701 convaincra
1183 2678 1229 2701 en
1257 2664 1367 2701 lisant
1398 2664 1433 2701 la
1454 2662 1682 2714 description

282 2736 356 2772 qne
376 2725 544 2774 Georges
564 2722 775 2760 Cliastelain
801 2736 819 2759 a
840 2722 989 2758 donnce
1010 2721 1056 2758 de
1076 2731 1171 2760 cette
1191 2723 1418 2759 ceremonie.
