1923 3020
777 255 918 289 LIBER
945 254 1159 289 TERTIUS.
1594 254 1661 286 251

270 340 564 401 gundionum
586 340 808 386 deficiens
832 340 952 385 duce
967 375 978 397 ,
1006 339 1063 385 ad
1089 340 1205 401 regis
1228 356 1276 383 se
1303 337 1493 383 tradidit
1511 337 1672 382 volun-

270 426 430 462 tatem.

719 539 1053 581 CAPITULUJ
1095 539 1211 580 ΗΠ.

268 662 423 704 Qualiter
438 662 509 696 dux
528 664 737 709 Burgundiae
755 665 1047 697 Abbatis-Villam
1068 663 1234 703 munivit,
1253 663 1430 695 castellum
1451 661 1493 695 de
1508 664 1673 709 Piquegny

551 726 788 761 expugnatum
811 716 965 750 incendit
980 725 1011 749 et
1028 717 1219 749 Ambianos
1238 715 1388 749 obsedit.

334 829 440 871 Haec
464 837 620 873 autem
646 845 716 874 res
735 829 831 891 jam
857 827 1246 889 inchoandi-belli
1278 828 1431 891 palam
1459 840 1503 874 et
1533 840 1672 875 noto-

268 903 336 948 rie
377 919 564 949 causam
602 906 775 964 attulit⁷
818 922 915 950 non
960 905 1120 949 relicto
1165 904 1367 967 amplius
1405 906 1673 969 ambigendi

268 978 398 1040 loco,
442 982 557 1043 quin
603 998 686 1045 per
729 982 825 1026 haec
870 979 1020 1026 foedus
1055 980 1183 1043 apud
1224 984 1453 1027 Peronam
1488 1000 1673 1046 percus-

269 1073 373 1102 sum
396 1068 588 1121 ruptum
614 1059 810 1104 omnino
834 1058 1154 1117 violatumque
1179 1057 1312 1102 foret.

331 1137 449 1180 Cum
480 1145 635 1181 autem
664 1136 762 1180 haec
790 1135 852 1202 ita
888 1143 1013 1195 gesta
1046 1133 1237 1178 fuissent
1267 1135 1672 1199 verisimiliterque

268 1211 544 1258 addubitare
569 1212 663 1258 dux
690 1210 966 1273 Burgundiae
995 1219 1175 1274 posset,
1210 1228 1268 1256 ne
1300 1211 1484 1274 longius
1515 1213 1673 1259 latius-

269 1306 384 1350 que,
425 1290 513 1334 nisi
548 1289 684 1351 objex
723 1297 998 1351 poneretur,
1040 1297 1247 1350 coeptum
1280 1298 1420 1350 atque
1459 1299 1673 1335 exortum

268 1375 539 1426 evagaretur
561 1364 835 1410 incendium
865 1364 994 1427 [nam
1025 1373 1069 1409 et
1095 1365 1278 1410 animos
1302 1365 1475 1410 civium
1501 1365 1559 1410 de
1583 1364 1674 1410 Ab-

267 1442 532 1489 batis-Villa
555 1443 890 1506 nonnullisque
916 1442 1014 1488 aliis
1038 1442 1246 1506 oppidis,
1284 1459 1386 1504 quae
1417 1459 1473 1487 ex
1504 1441 1675 1488 foedere

268 1520 396 1581 pacis
427 1520 523 1581 jam
554 1519 667 1565 bina
701 1521 800 1565 vice
833 1536 940 1565 cum
971 1536 1077 1582 rege
1109 1520 1382 1582 compositae
1409 1529 1670 1582 acceperat,

270 1595 449 1656 fragiles
485 1606 530 1641 et
566 1595 889 1642 mutabundos
925 1595 1228 1658 agnoscebat,
1266 1612 1539 1659 pronosque
1576 1612 1672 1640 non

269 1672 425 1716 minus
448 1672 838 1719 Ambianensibus
867 1673 926 1719 ad
950 1673 1265 1719 defectionem
1290 1672 1599 1733 faciendam),
1627 1689 1675 1717 se

270 1765 379 1793 mox
401 1749 528 1812 apud
548 1749 927 1797 Abbatis-Villam
944 1751 1158 1797 contulit.
1176 1754 1289 1806 Quae
1309 1751 1461 1813 primo
1483 1750 1674 1811 quidem

270 1825 471 1870 militum
496 1826 709 1889 praesidia
734 1828 938 1890 recipere
962 1827 1269 1883 detrectabat,
1296 1837 1339 1871 et
1361 1843 1409 1871 se
1429 1826 1508 1871 illo
1530 1842 1674 1871 onere

270 1901 531 1948 conabatur
554 1903 798 1949 absolvere
824 1915 964 1967 atque
989 1921 1208 1950 excusare
1227 1939 1237 1959 ‚
1266 1902 1674 1964 quemadmodum

269 1988 464 2041 perante
488 1979 823 2025 Ambianenses
848 1981 1078 2037 fecerant3
1105 1980 1186 2026 sed
1211 1980 1341 2042 quod
1368 1997 1534 2025 eorum
1558 1979 1674 2025 fides

270 2055 379 2100 satis
406 2064 504 2100 tuta
533 2072 629 2100 non
661 2066 779 2113 erat,
817 2057 999 2120 plebeia
1037 2056 1338 2101 multitudine
1370 2056 1582 2101 animum
1615 2055 1674 2101 ad

270 2146 426 2192 regem
451 2131 706 2194 plurimum
731 2149 778 2176 se
802 2132 975 2177 habere
1001 2132 1232 2194 judicata,
1260 2131 1473 2176 adhibita
1501 2146 1674 2176 conve-

272 2208 417 2253 nienti
455 2208 660 2265 cautela,
694 2209 893 2254 militum
918 2210 1064 2272 copiae
1097 2226 1184 2272 pro
1215 2209 1335 2254 duce
1368 2208 1668 2271 Burgundio-

272 2302 387 2329 num
421 2286 698 2330 intromissae
727 2295 858 2342 sunt,
887 2286 1046 2348 ibique
1077 2302 1162 2348 pro
1191 2285 1406 2348 praesidio
1438 2295 1482 2330 et
1514 2294 1673 2330 custo-

272 2361 346 2406 dia
374 2362 635 2418 collocatae,
663 2378 769 2406 arce
791 2362 925 2407 firma
947 2373 989 2407 et
1016 2361 1166 2407 valida
1190 2361 1281 2406 illic
1307 2371 1554 2418 exstructa,
1582 2377 1675 2423 qua

271 2438 329 2483 de
363 2438 540 2501 oppido
573 2439 777 2483 securior
813 2438 1098 2484 redderetur.
1133 2439 1235 2483 Fuit
1267 2455 1459 2501 quoque
1485 2438 1547 2483 ibi
1576 2439 1674 2502 ipse

275 2514 663 2576 Burgundionum
695 2515 787 2560 dux
817 2532 898 2578 per
932 2515 1111 2578 aliquot
1141 2520 1366 2572 menses¹,
1399 2517 1674 2579 permittens

274 2591 462 2646 hiemis,
487 2600 598 2635 tunc
619 2591 852 2647 instantis,
879 2592 1080 2654 rigorem
1105 2593 1357 2654 praeterire.

328 2724 360 2758 1.
399 2721 455 2758 Ibi
473 2734 521 2758 ne
546 2721 624 2758 doit
651 2734 716 2771 pas
742 2721 953 2759 s’entendre
981 2722 1219 2760 d’Abbeville
1246 2724 1391 2767 meme,
1420 2722 1514 2758 mais
1541 2721 1587 2759 de
1615 2734 1673 2758 ses
