1923 3020
243 261 291 294 14
604 253 946 291 HISTORIARUM
973 251 1207 288 LUDOVICI
1234 250 1289 284 XI

243 345 480 407 sanguinis
521 343 589 389 sui
637 360 690 389 ac
730 359 982 406 procerum
1025 339 1188 402 regni,
1233 336 1321 383 sub
1360 334 1649 399 pragmatica

244 423 485 469 sanctione
521 421 757 484 jussisset,
805 436 858 464 ac
897 417 1126 480 quamdiu
1166 413 1406 460 observari
1452 412 1645 457 fecisset.

247 503 335 544 Pro
370 514 461 560 qua
500 507 658 542 tamen
694 512 767 552 re,
805 494 1061 558 apostolica
1095 491 1230 538 sedes
1264 492 1373 536 eum
1408 504 1651 551 nunquam

243 573 730 621 excommunicatione
758 588 783 617 a
813 571 1151 616 communione
1184 568 1396 615 fidelium
1427 565 1647 623 exclusit,

242 652 323 698 scd
347 652 389 697 ei
412 652 571 715 potius
597 665 784 713 semper
810 647 1196 704 communicavit,
1226 660 1430 707 suosque
1454 643 1647 704 legatos,

244 730 435 775 nuntios
470 738 609 790 atque
643 725 864 790 epistolas
904 723 1244 771 honorabiliter
1279 721 1472 785 recepit.
1518 717 1652 763 [nde

247 822 442 869 magna,
490 802 656 868 procul
697 802 869 858 dubio,
910 800 1212 865 praesumptio
1256 798 1340 843 fuit
1380 814 1464 861 per
1504 811 1652 841 unum

246 884 386 929 talem
419 881 666 938 nuntium,
702 880 783 943 qui
810 879 868 925 ad
900 878 993 924 hoc
1028 877 1211 923 nullum
1246 875 1521 921 mandatum
1555 873 1655 918 nul-

246 961 399 1008 lamve
429 957 693 1005 facultatem
730 957 1004 1019 recepisset,
1046 956 1135 1001 tale
1165 953 1279 1017 quid
1313 954 1614 1016 praesumere¹
1641 970 1651 997 z

248 1038 294 1083 in
319 1053 415 1102 quo
443 1052 538 1081 non
566 1034 712 1080 modo
737 1034 947 1079 defuncti
974 1033 1153 1077 cineres
1185 1030 1427 1076 infamavit
1463 1029 1656 1092 (quate-

249 1131 336 1159 nus
357 1114 402 1158 in
426 1129 473 1157 se
495 1111 612 1172 erat)
638 1127 690 1156 ac
715 1109 1041 1173 sepulclirum3
1066 1107 1148 1153 sed
1172 1116 1217 1152 et
1238 1106 1501 1152 universam
1526 1122 1657 1169 paene

251 1189 523 1253 gallicanam
553 1186 831 1239 Ecclesiam,
871 1185 1014 1230 totius
1048 1183 1289 1230 catholicae
1320 1200 1416 1229 non
1453 1181 1657 1243 ignobile

255 1283 406 1329 neque
436 1262 846 1310 contemnendum
876 1261 1172 1318 membrum,
1201 1261 1297 1306 imo
1322 1269 1368 1305 et
1400 1270 1546 1305 totam
1581 1276 1657 1304 ca-

255 1342 478 1387 tholicam
516 1339 606 1385 hac
650 1339 908 1401 ignominia
952 1337 1237 1403 percellebat
1255 1339 1284 1395 ²,
1330 1346 1378 1382 ut
1422 1336 1521 1398 ejus
1563 1335 1658 1380 sin-

254 1419 387 1482 gulos
431 1416 550 1462 filios
584 1426 725 1479 atque
764 1427 918 1479 patres
959 1415 1097 1461 simili
1122 1431 1318 1460 censura
1350 1422 1566 1470 notaret3
1615 1421 1660 1457 et

255 1496 416 1557 utique
436 1494 495 1539 de
512 1493 785 1555 hujusmodi
806 1509 831 1538 a
849 1510 895 1538 se
910 1493 1035 1539 edita
1055 1492 1340 1556 pragmatica
1361 1501 1403 1537 et
1419 1505 1660 1537 sacrorum

257 1571 584 1619 observatione
610 1570 908 1615 decretorum
935 1570 1127 1615 mininie
1153 1570 1426 1633 poenitenti,
1454 1577 1521 1625 et,
1547 1566 1661 1612 dum

259 1652 303 1696 in
328 1649 547 1696 humanis
572 1648 729 1694 adhuc
752 1658 928 1710 ageret,
963 1665 1059 1694 non
1083 1648 1369 1710 requirenti,
1404 1647 1494 1692 talc
1518 1655 1662 1691 teme·

258 1727 432 1773 rarium
469 1736 608 1788 atque
642 1735 982 1789 praesumptum
1009 1742 1183 1770 munus
1215 1734 1390 1770 temere
1420 1723 1557 1768 nimis
1577 1722 1664 1766 im-

257 1802 503 1867 pertiebat.
532 1805 638 1858 Quo
673 1803 708 1846 si
734 1802 894 1847 vivens
919 1803 1220 1865 moriensque
1246 1802 1539 1864 indiguisset,
1568 1798 1666 1844 vel³

257 1883 300 1928 ei
340 1881 564 1928 defuncto
610 1880 907 1942 profuturum
942 1881 1119 1944 sperari
1155 1881 1412 1944 potuisset,
1454 1893 1664 1924 necessa-

258 1960 379 2004 rium
423 1966 523 2002 erat
561 1966 650 2014 ut,
709 1966 816 2002 ante
856 1966 1058 2002 mortem
1093 1967 1139 2001 et
1175 1956 1380 2002 necdum
1419 1954 1546 2000 finita
1591 1954 1666 1998 via

260 2034 399 2096 hujus
423 2032 736 2093 mortalitatis,
765 2033 824 2079 de
848 2034 987 2097 culpa
1012 2050 1091 2078 seu
1118 2033 1419 2079 contumacia
1438 2031 1666 2077 contritus

260 2129 312 2159 ac
337 2113 593 2175 poenitens,
623 2110 710 2156 sibi
734 2111 849 2157 illud
875 2112 1080 2175 praestari
1104 2121 1247 2173 atque
1273 2110 1483 2175 impendi
1511 2110 1666 2171 requi-

261 2191 461 2247 sivisset,
489 2189 620 2251 quod
644 2199 796 2235 morte
821 2199 1085 2252 praeventus
1112 2190 1339 2252 consequi
1364 2187 1665 2249 nequivisset.

259 2265 366 2312 Tale
397 2275 552 2310 autem
583 2265 759 2327 aliquid
787 2265 845 2310 de
879 2283 936 2311 eo
968 2266 1149 2311 nemini
1182 2281 1394 2328 unquam
1429 2264 1665 2321 constitit;

264 2358 350 2386 nec
373 2340 682 2385 verisimiliter
707 2341 958 2387 existimari
991 2341 1134 2387 debet
1172 2351 1221 2386 ut
1259 2341 1389 2404 quod
1405 2342 1431 2396 ⁶,
1464 2340 1669 2402 synoda-

264 2419 378 2464 lium
415 2417 655 2463 catliolicae
684 2419 896 2464 Ecclesiae
925 2419 1227 2465 decretorum
1264 2418 1542 2465 auctoritate
1575 2416 1670 2462 suf-

319 2559 353 2593 1.
386 2555 492 2592 Lisez
507 2568 697 2603 praesltml.

319 2617 357 2651 2.
388 2613 627 2650 Praecellebae
650 2612 743 2649 dans
764 2612 799 2647 le
821 2626 888 2648 nis.

320 2678 355 2711 3.
392 2677 441 2714 Ut
460 2674 552 2710 dans
573 2673 607 2709 le
630 2686 698 2710 ms.

320 2737 355 2770 4.
392 2735 472 2779 Quo
493 2732 586 2769 dans
608 2732 642 2768 le
663 2745 732 2768 ms.
