1923 3020
736 222 879 257 LIBER
911 221 1150 266 QUARTUS.
1568 221 1611 255 34
1624 221 1636 255 1

250 310 381 372 equis
398 319 442 354 et
459 310 615 368 armis,
640 324 769 354 more
783 309 1061 367 Germaniae,
1088 317 1410 373 competenter
1429 306 1642 352 instructi
1687 299 1711 338 '¹

249 395 395 432 erant.

700 539 1034 584 CAPITULUM
1071 540 1170 581 XIII
1181 572 1190 581 .

246 665 402 709 Qualiter
415 677 473 699 rex
487 666 702 700 Francorum
721 666 936 712 recuperavit
954 664 1224 709 Pei-pinianum3
1241 671 1273 695 et
1289 662 1330 695 de
1348 663 1539 696 innumeris
1553 675 1650 708 paene

289 718 430 763 jacturis
445 727 477 751 et
493 718 640 761 damnis⁷
664 731 739 763 quae
756 717 967 763 Burgundiae
985 716 1084 750 ducis
1102 724 1198 748 terrae
1218 724 1250 749 et
1267 715 1396 748 subditi
1413 716 1497 749 suia
1511 716 1651 750 Francis

295 771 383 816 passi
401 780 500 814 sunt,
521 772 626 804 finitis
645 772 772 817 treugis
787 800 795 815 ,
817 770 901 804 dum
919 770 1038 804 adhuc
1053 778 1131 803 ante
1149 769 1308 803 Nussiam
1325 769 1360 801 in
1378 768 1560 803 obsidione
1580 782 1649 804 ma-

294 835 390 860 neret
401 827 425 861 ⁴.

311 937 514 983 Collecta
550 939 687 1002 igitur
729 949 821 985 tam
852 952 1104 983 numerosa
1141 936 1459 993 multitudine,
1497 939 1649 999 putari

246 1015 470 1079 potuisset
509 1015 901 1077 Burgundionum
939 1014 1132 1071 ducem,
1174 1013 1255 1075 qui
1280 1013 1418 1074 longe
1444 1015 1650 1059 minores

247 1106 404 1136 secum
428 1092 586 1153 copias
611 1090 830 1147 habebat,
861 1090 919 1134 de
947 1089 1053 1150 fuga
1078 1088 1237 1151 potius
1259 1089 1479 1149 cogitare,
1507 1106 1648 1151 quam

247 1166 305 1212 de
323 1168 638 1231 exspectando
659 1167 797 1212 talem
817 1177 1098 1228 tantumque
1125 1166 1381 1210 exercitum
1406 1164 1645 1223 debuisse3

246 1245 500 1308 praesertim
535 1261 645 1289 cum
663 1245 760 1306 jain
796 1260 944 1306 prope
970 1258 1153 1288 menses
1188 1251 1296 1286 octo
1327 1241 1374 1286 in
1400 1241 1650 1288 obsidione

246 1330 354 1366 ante
379 1321 606 1378 Nussiam‚
630 1329 873 1382 totamque
897 1319 1123 1375 hiemem,
1146 1334 1248 1380 quae
1269 1316 1518 1373 imbribus,
1545 1318 1649 1380 gelu

246 1406 384 1458 atque
407 1396 591 1441 nivibus
611 1397 719 1441 satis
741 1412 903 1459 aspera
929 1406 971 1441 et
996 1396 1270 1458 importuna
1291 1394 1392 1451 fuit,
1419 1404 1652 1456 pertrans-

245 1473 385 1518 iisset.
438 1472 529 1518 Sed
575 1472 724 1518 nihilo
748 1507 758 1525 ,
807 1482 858 1517 ut
896 1471 1174 1530 videbatur,
1224 1471 1333 1517 inde
1370 1470 1617 1516 deterritus
1637 1510 1647 1529 ‚

244 1550 459 1612 quamvis
515 1559 610 1596 tam
662 1566 718 1594 ex
762 1549 930 1594 ictibus
974 1549 1302 1594 machinarum
1350 1547 1650 1594 obsessorum

245 1642 388 1688 quam
414 1627 550 1672 variis
573 1643 627 1672 ex
653 1625 831 1671 morbis
855 1626 1108 1670 contractis
1135 1624 1197 1669 ob
1227 1625 1419 1686 longam
1453 1625 1540 1670 sub
1571 1626 1650 1671 dio

244 1704 611 1748 remorationem
634 1713 774 1765 atque
801 1702 1157 1758 dormitionem,
1185 1702 1379 1764 aliisque
1403 1702 1653 1764 quamplu—

245 1780 373 1825 rimis
401 1779 891 1835 incommoditatibus,
923 1779 1032 1824 satis
1062 1795 1364 1823 numerosam
1391 1778 1650 1823 multitudi-

244 1872 352 1901 nem
390 1856 615 1914 militum,
652 1872 893 1901 armorum
919 1865 965 1900 et
996 1871 1228 1917 equorum
1262 1854 1507 1909 amisisset,
1536 1871 1650 1899 con—

244 1942 418 1978 stanter
441 1943 484 1978 et
518 1932 872 1996 perseveranter
900 1933 947 1977 in
979 1948 1063 1977 sua
1101 1931 1350 1976 obsidione
1377 1930 1646 1992 persistens,

245 2010 538 2072 imperatoris
557 2019 600 2055 et
615 2026 810 2056 suorum
829 2012 1175 2055 Germanorum
1194 2008 1452 2054 adventum
1468 2023 1652 2069 exspec—

247 2085 388 2131 tabat.
414 2086 505 2132 Sed
531 2087 638 2149 quia
664 2087 722 2132 de
747 2103 894 2150 prope
924 2085 1201 2130 imminebat
1226 2084 1332 2129 finis
1358 2094 1645 2145 treugarum,

246 2179 366 2224 quae,
393 2164 460 2208 uti
479 2163 696 2220 diximus,
721 2180 869 2225 usque
896 2162 954 2207 ad
976 2161 1119 2206 finem
1140 2161 1325 2224 aprilis²
1348 2161 1461 2205 intei
1491 2176 1649 2220 regem

247 2241 533 2285 Francorum
563 2249 608 2285 et
640 2240 808 2285 ducem
841 2238 1229 2300 Burgundionum
1256 2247 1402 2301 pactae
1441 2237 1646 2297 fuerant,

246 2331 407 2361 earum
430 2325 676 2380 rupturam
699 2325 838 2378 atque
865 2315 1006 2360 tinem
1033 2316 1288 2378 imperator
1312 2324 1356 2360 et
1380 2314 1449 2359 sui
1473 2314 1647 2377 princi-

246 2410 327 2456 pes
350 2404 618 2457 exspectare
653 2393 955 2448 videbantur,
985 2402 1063 2451 ut,
1099 2392 1347 2437 Germanis
1379 2408 1433 2436 ex
1474 2407 1566 2436 una
1604 2401 1648 2437 et

244 2471 432 2516 Francis
467 2487 521 2516 ex
558 2472 700 2516 altera
725 2470 936 2534 partibus
968 2470 1014 2515 in
1048 2469 1218 2515 ducem
1255 2468 1647 2530 Burgundionum

297 2627 310 2660 1
326 2655 331 2661 .
364 2625 538 2675 Cliapitre
555 2624 728 2675 imprime
750 2624 840 2662 dans
857 2625 1128 2674 l’Amplissz'ma
1149 2626 1325 2668 collectio,
1344 2631 1366 2661 t.
1387 2625 1451 2669 IV,
1468 2622 1540 2660 col.
1555 2626 1646 2659 ΤΠ,

298 2686 334 2721 2.
367 2684 584 2733 Ci-dessus,
607 2698 642 2734 p.
666 2687 755 2721 335).
