1923 3020
280 224 352 259 332
641 217 974 253 HISTORIARUM
1006 217 1238 251 LUDOVICI
1268 217 1320 251 XI

346 309 637 355 Rebellarant
668 305 765 365 jam
799 313 906 349 ante
942 304 1103 349 omnia
1137 303 1281 349 ferme
1317 303 1492 366 oppida
1526 314 1572 349 et
1597 321 1679 351 ca-

279 386 406 432 stella
446 381 657 443 ejusdem
693 381 967 435 comitatus,
1005 389 1050 425 et
1082 380 1298 425 inimicos
1332 379 1467 425 valde
1499 381 1681 427 animos

279 462 336 508 ad
366 457 722 520 Burgundiones
747 473 913 502 omnes
943 457 1063 502 illius
1087 466 1219 502 terrae
1245 456 1412 502 accolae
1438 457 1679 518 gerebant.

281 536 437 592 Unde,
473 551 581 580 cum
614 534 791 597 ubique
816 550 947 597 paene
979 533 1195 579 locorum
1227 533 1363 579 dictis
1388 534 1683 596 Burgundio-

280 612 417 658 nibus
441 611 499 657 de
526 611 712 656 ssrisaco
747 611 892 674 pulsis
926 627 953 656 a
979 611 1163 656 rusticis
1191 611 1348 673 patriae
1378 611 1556 656 insidiae,
1590 620 1685 657 ten-

279 689 518 742 derentur,
562 704 657 733 non
702 688 803 733 sine
845 688 1059 733 maximis
1102 688 1352 733 insultibus
1386 698 1430 733 et
1468 688 1685 752 periculis

282 766 441 811 multis
467 764 854 829 particularibus,
882 781 930 809 se
953 765 1000 809 in
1028 764 1345 826 Burgundiam
1370 765 1575 828 recipere
1599 782 1686 828 po-

281 852 468 888 tuerunt
508 860 516 886 :
553 858 647 904 quo
694 852 850 887 tamen
895 841 1109 900 tandem,
1146 841 1419 903 hujusmodi
1460 842 1686 906 superatis

281 920 527 984 periculis,
569 935 616 964 se
653 918 956 964 contulerunt
995 918 1274 963 incolumes.
1323 919 1466 964 Paulo
1506 922 1686 965 autem¹

283 1006 405 1060 post,
433 997 612 1042 dictum
638 995 945 1040 Haelaenbaclz
963 1032 973 1051 ,
1002 1012 1143 1058 quem
1170 996 1324 1041 omnis
1348 996 1551 1059 populus
1581 1012 1686 1059 par·

283 1074 399 1119 tium
431 1073 637 1126 illarum,
667 1082 761 1117 tam
794 1072 1025 1117 nobilium
1056 1083 1100 1117 et
1128 1071 1399 1116 militarium
1423 1089 1565 1132 quam
1595 1072 1689 1135 ple-

283 1151 522 1210 beiorum,
562 1152 740 1212 ingenti
783 1149 1192 1214 prosequebantur
1230 1149 1373 1205 odio,
1407 1149 1530 1195 sacto
1570 1165 1690 1194 con-

284 1238 424 1275 ventu
468 1228 658 1292 publico
703 1245 757 1273 ex
812 1226 1088 1290 proceribus
1134 1235 1179 1270 et
1225 1226 1398 1271 accolis
1448 1226 1690 1272 civitatum

286 1306 573 1363 vicinarum,
625 1306 671 1349 in
715 1303 950 1365 judicium
1002 1302 1284 1361 adductum,
1331 1312 1376 1347 et
1421 1301 1480 1348 de
1535 1302 1691 1348 multis

285 1392 557 1428 accusatum
598 1392 765 1443 atque,
805 1382 871 1426 uti
908 1380 1096 1426 aiebant
1134 1389 1178 1425 et
1212 1379 1352 1442 vulgo
1384 1379 1686 1441 jactitabant,

287 1460 558 1504 convictum
583 1457 883 1515 criminibus,
911 1456 1142 1520 supplicio
1166 1455 1442 1501 affecerunt.

761 1696 1092 1740 CAptTULUM
1142 1697 1218 1738 XI.

428 1833 584 1875 Qualiter
600 1831 810 1878 Burgundiae
833 1831 902 1865 dux
925 1831 1043 1877 posuit
1066 1830 1286 1864 obsidionem
1306 1829 1351 1864 ad
1371 1829 1547 1869 Nussiam.

679 1885 850 1931 oppidum
874 1885 1024 1918 ecclesiae
1044 1884 1261 1917 Coloniensis
1274 1883 1300 1917 ².

356 2009 468 2062 Quae
502 2021 610 2050 eum
635 2005 733 2066 jam
765 2005 902 2050 fuisse
936 2003 1140 2048 factitata
1174 2001 1361 2047 illustris
1398 1998 1695 2062 Burgundio-

294 2099 405 2127 num
427 2082 520 2126 dux
545 2081 784 2137 audiisset,
807 2097 948 2143 seque
972 2082 1032 2125 ita
1055 2080 1126 2124 sui
1146 2079 1397 2123 comitatus
1415 2077 1696 2122 Ferretensis

293 2160 587 2221 possessione
612 2158 887 2221 spoliatum,
917 2174 1057 2220 quem
1080 2156 1239 2219 paucis
1263 2165 1370 2200 ante
1391 2155 1524 2200 annis
1548 2153 1695 2198 multo

295 2244 471 2280 emerat
491 2251 631 2294 auro,
659 2246 704 2280 et
728 2234 1005 2281 rebellantes
1024 2233 1262 2291 subditos,
1287 2248 1313 2277 a
1332 2248 1380 2277 se
1405 2230 1693 2287 deficientes,

294 2311 527 2356 venditori
553 2311 728 2370 cidem,
756 2328 782 2357 a
805 2328 900 2375 quo
923 2312 1019 2374 ipse.
1042 2327 1149 2355 cum
1176 2319 1373 2368 emerat,
1401 2325 1499 2354 sese
1533 2306 1698 2352 redhi-

296 2389 451 2433 buisse
475 2397 519 2432 et
550 2387 709 2432 denuo
746 2388 991 2433 tradidisse
1014 2425 1023 2443 ,
1057 2385 1276 2448 gravibus
1312 2387 1374 2431 ira
1407 2394 1545 2447 atque
1575 2382 1699 2427 indi-

298 2465 518 2525 gnatione
551 2464 771 2509 adversus
795 2482 873 2509 eos
904 2464 1169 2518 incanduit,
1205 2463 1414 2525 cogitans
1443 2463 1697 2524 (quatenus

357 2641 387 2674 1.
424 2642 520 2673 Ante
541 2637 631 2673 dans
653 2637 686 2672 le
705 2649 771 2673 ms.

350 2699 387 2735 ⁴2.
420 2697 596 2746 Cliapitre.
618 2696 792 2745 imprime
813 2695 905 2731 dans
920 2695 1189 2742 l'Ample‘ssima
1202 2696 1377 2740 collectio,
1395 2702 1421 2731 t.
1439 2691 1591 2739 1V‚col.
1604 2693 1692 2728 773.
