1923 3020
268 195 314 231 58
623 195 958 231 HISTORIARUM
991 197 1223 234 LUDOVICI
1248 200 1303 234 XI

267 297 508 343 nunquam
532 291 668 327 antea
693 291 970 327 attentatum
1007 292 1087 328 aut
1122 282 1222 328 fieri
1252 282 1476 346 possibile
1509 283 1660 329 existi-

267 367 445 402 matum
465 372 492 402 a
510 374 750 420 quoquam
769 358 932 415 fuerat,
959 360 1132 422 pariter
1151 359 1455 418 advexerunt,
1484 360 1661 420 iterque

265 434 439 479 eisdem
458 435 672 496 pervium
695 435 967 480 effecerunt.

329 510 469 571 Cujus
491 510 558 554 rei
581 527 688 555 cum
712 511 833 556 fama
853 511 913 556 ad
936 512 1208 570 exercitum,
1233 513 1314 576 qui
1338 511 1464 576 apud
1483 514 1662 558 Gerun-

265 585 372 630 dam
398 585 642 650 [reginam]
668 586 904 633 obsessam
941 588 1153 647 tenebat,
1181 590 1399 634 nuntium
1425 588 1662 634 velocissi-

265 680 395 708 mum
421 663 675 721 detulisset,
699 667 1080 726 Francorumque
1100 681 1248 728 prope
1271 665 1515 711 imminere
1537 682 1662 711 exer-

264 740 407 784 citum
428 777 439 797 ,
489 741 693 786 exterriti
741 757 905 786 omnes
950 751 1091 803 atque
1143 742 1457 799 consternati,
1511 741 1659 788 soluta

265 814 538 874 obsidione,
575 817 808 878 fugerunt.
846 816 1133 863 Ferebantur
1168 818 1215 862 in
1248 817 1493 863 obsidione
1523 818 1660 864 fuisse

264 908 404 954 supra
432 893 739 956 quadraginta
777 894 920 940 millia
950 894 1228 941 bellatorum
1262 894 1349 939 sub
1384 895 1503 941 duce
1545 912 1660 958 quo—

264 968 391 1026 dam,
418 971 589 1015 comite
609 970 668 1015 de
690 971 891 1015 Ριῑίίίαε1
914 972 1013 1033 qui,
1039 971 1096 1016 ad
1121 970 1350 1034 stipendia
1370 970 1490 1017 illius
1514 973 1660 1033 gentis

264 1047 433 1104 aerarii,
469 1047 598 1109 quod
624 1047 837 1109 generale
866 1047 1115 1093 Cataloniae
1139 1047 1504 1111 nuncupabant,
1543 1052 1659 1094 Bar—

263 1122 597 1169 cinonensibus
617 1125 882 1187 caeterisque
904 1141 996 1170 suae
1016 1124 1230 1170 factionis
1250 1124 1493 1171 militabat.
1517 1129 1660 1172 Fran-

263 1214 429 1244 corum
465 1217 576 1245 vero
611 1201 862 1260 exercitus,
904 1202 1023 1247 inter
1054 1201 1235 1262 equites
1259 1210 1305 1246 et
1334 1201 1543 1263 pedites,
1581 1218 1659 1248 sex

264 1276 460 1321 millium
473 1276 680 1322 virorum
700 1294 950 1323 numerum
963 1278 1155 1323 minime
1170 1277 1392 1323 excedere
1408 1277 1656 1324 ferebatur.

328 1353 535 1399 Catalani
567 1365 752 1413 autem,
793 1364 900 1401 ante
923 1355 1167 1401 Gallorum
1203 1354 1482 1414 adventum,
1520 1354 1660 1418 longa

262 1431 388 1493 pacis
413 1431 775 1493 tranquillitate,
814 1434 993 1494 magnis
1027 1432 1199 1495 opibus
1233 1431 1366 1477 ditati
1399 1441 1445 1477 et
1476 1432 1656 1489 referti,

263 1508 398 1552 simul
420 1516 463 1553 et
486 1508 630 1568 gloria
655 1525 811 1554 rerum
834 1526 918 1573 per
941 1509 1183 1554 Alsonsum
1210 1524 1367 1569 regem
1393 1524 1531 1554 suum
1562 1525 1661 1571 ges-

264 1594 415 1630 tarum
447 1586 551 1630 clati
577 1586 744 1649 (paulo
776 1596 884 1632 ante
911 1586 1268 1647 det'1111ctt1m‘2),
1293 1585 1464 1630 mirum
1488 1585 1535 1630 in
1561 1601 1661 1630 mo-

262 1662 375 1706 dum
412 1672 685 1723 arrogantes
721 1672 861 1726 atque
896 1662 1063 1708 tumidi
1096 1671 1242 1707 erant.
1282 1660 1662 1707 Contemnebant

261 1738 385 1782 enim
402 1755 591 1784 omnem
611 1739 764 1795 aliam,
783 1749 950 1804 praeter
964 1756 1113 1796 suam,
1131 1740 1371 1784 nationem
1391 1748 1435 1783 et
1453 1747 1656 1799 gentem,

263 1825 307 1860 et
330 1816 569 1878 potissime
601 1817 780 1875 Gallos,
814 1817 930 1862 nihil
956 1833 1147 1881 prorsus
1176 1832 1341 1862 eorum
1375 1815 1493 1860 vires
1521 1824 1658 1877 atque

263 1910 392 1938 arma
443 1895 681 1940 ducentes.
737 1896 861 1951 Quin
905 1896 1044 1942 etiam
1092 1894 1210 1940 adeo
1257 1892 1316 1938 de
1358 1908 1441 1938 sua
1492 1892 1658 1936 virtute

263 1971 462 2015 nimium
492 1981 760 2035 arroganter
785 1982 831 2017 et
851 1982 1024 2017 temere
1054 1969 1397 2035 praesumebant
1413 2004 1424 2026 ,
1463 1977 1514 2014 ut
1538 1985 1658 2031 saepe

262 2047 382 2092 inter
407 2049 582 2111 seipsos
602 2049 755 2095 verbis
778 2049 995 2112 gallicum
1025 2065 1198 2094 nomen
1217 2049 1496 2093 incessentes
1517 2055 1657 2108 atque

262 2123 603 2185 deprimentes,
641 2136 858 2190 optarent
880 2127 1123 2172 Gallorum
1155 2124 1395 2179 militiam,
1431 2123 1504 2168 vel
1537 2123 1656 2167 intra

262 2200 457 2264 patriam
481 2218 679 2264 suasque
706 2203 843 2249 urbes
870 2204 965 2266 jam
995 2202 1158 2248 adesse
1175 2238 1186 2260 ,
1226 2202 1297 2248 vel
1324 2199 1418 2265 [ad]
1442 2199 1657 2245 eamdem

261 2277 458 2340 patriam
493 2279 851 2339 aggrediendam
885 2280 1158 2335 adventare,
1197 2289 1247 2324 ut
1280 2279 1337 2324 de
1365 2278 1474 2341 ipsis
1511 2277 1658 2339 <quos

261 2368 344 2399 sua
371 2354 674 2399 a·sti111atione
703 2356 831 2400 nullo
865 2374 994 2420 paene
1030 2356 1218 2419 negotio
1257 2354 1515 2400 vincendos
1548 2352 1658 2398 sibi-

262 2439 355 2474 met
396 2429 763 2493 promittebant)
804 2432 1094 2496 triumphum
1135 2440 1459 2496 reportarent,
1507 2446 1561 2475 ac
1600 2429 1658 2475 de

313 2557 349 2590 1.
382 2556 465 2605 Ugo
484 2557 623 2606 Roger,
641 2563 763 2592 comte
785 2555 832 2592 de
852 2556 987 2594 Pallas.
1010 2558 1037 2594 11
1061 2558 1314 2596 commandait
1338 2570 1429 2595 avec
1449 2557 1484 2594 le
1509 2557 1592 2594 titre
1612 2556 1658 2593 de

260 2613 445 2663 capitaine
465 2614 616 2664 gc'neral
640 2613 686 2650 de
706 2614 921 2666 Catalogne.

316 2673 354 2711 2.
386 2675 436 2709 Le
456 2674 505 2708 22
524 2672 607 2720 juin
626 2674 740 2711 1458.
