1923 3020
682 273 822 309 LIBER
870 272 1095 317 QUINTUS.
1514 270 1588 305 375

193 361 528 425 impendebant
560 361 765 419 favores,
803 359 975 405 damna
999 356 1325 421 hujuscemodi
1347 355 1589 402 Sabaudiae

191 438 463 484 intulerunt.

659 606 995 651 CAPITULtM
1049 606 1123 647 ΙΙΙ.

286 741 486 781 Processus,
505 740 752 774 condemnatio
772 748 805 772 et
821 738 994 772 exsecutio
1012 737 1048 770 in
1068 738 1228 771 comitem
1244 738 1496 779 Sancti-Pauli,

628 793 941 826 conestabularium
958 791 1110 825 Franciae
1128 792 1152 824 ¹.

258 912 403 954 Porro
422 909 606 954 silentio
624 906 1003 972 praetereundum
1026 924 1122 952 non
1149 908 1257 963 erit,
1289 908 1403 970 quid
1427 908 1485 954 de
1508 925 1589 954 co-

193 985 303 1030 mite
327 984 663 1042 Sancti-Pauli,
696 994 947 1050 postquam
972 985 1018 1029 in
1047 1000 1153 1030 suas
1181 1001 1346 1030 manus
1375 985 1588 1031 devenis-

192 1070 282 1119 set,
320 1064 608 1106 Francorum
641 1078 717 1107 rex
753 1060 988 1123 agendum
1026 1059 1302 1105 decreverit.
1341 1062 1592 1107 Restitutus

192 1154 361 1200 nempe
383 1153 410 1183 a
433 1137 553 1183 duce
578 1138 990 1200 Burgundionum,
1024 1146 1073 1181 ut
1106 1136 1312 1182 diximus
1330 1174 1340 1193 ,
1368 1137 1498 1198 jussu
1521 1155 1592 1183 re-

194 1215 259 1276 gis
278 1213 365 1259 sub
389 1214 547 1259 solerti
571 1215 785 1261 custodia
806 1215 1003 1259 Parisios
1028 1213 1261 1259 adductus
1285 1222 1379 1271 est3
1409 1231 1592 1276 proces-

194 1308 341 1354 suque
356 1301 519 1336 contra
544 1309 652 1337 eum
677 1292 783 1337 satis
806 1291 1059 1337 summarie
1078 1290 1241 1336 habito
1263 1291 1307 1335 in
1330 1291 1456 1336 curia
1484 1294 1591 1337 Par-

192 1367 384 1412 lamenti
404 1368 535 1429 (nam
559 1368 656 1430 ejus
688 1368 884 1414 crimina
916 1367 1241 1431 proditionum
1274 1377 1413 1429 atque
1441 1369 1590 1414 varia-

193 1460 296 1489 rum
321 1442 623 1506 perfidiarum
644 1479 654 1500 ‚
681 1454 781 1489 tum
803 1460 858 1489 ex
878 1444 971 1489 suis
996 1442 1394 1500 confessionibus,
1423 1452 1523 1487 tum
1547 1453 1591 1488 et

195 1536 276 1582 per
307 1520 477 1565 litteras
503 1521 643 1582 signis
673 1521 767 1565 suis
797 1536 850 1565 ac
876 1519 1032 1581 sigillis
1058 1519 1399 1575 communitas,
1422 1528 1467 1565 et
1492 1519 1590 1564 aliis

192 1596 356 1643 validis
380 1597 675 1642 documentis
691 1598 814 1643 illico
833 1596 1095 1660 approbata
1119 1595 1256 1641 fuisse
1279 1594 1586 1656 ferebantur),

193 1674 376 1737 capitali
409 1675 664 1733 sententia,
703 1684 927 1736 tanquam
960 1673 1078 1734 regis
1114 1682 1159 1717 et
1189 1672 1319 1733 regni
1354 1671 1585 1735 proditor,

193 1750 438 1796 damnatus
463 1760 531 1796 est
554 1767 636 1814 per
665 1750 995 1797 cancellarium
1028 1749 1208 1811 regium
1223 1750 1250 1805 ²,
1284 1765 1425 1810 quem
1451 1747 1589 1810 hujus

193 1827 257 1871 rei
288 1827 454 1888 gratia,
485 1837 533 1872 ut
562 1827 660 1888 ejus
689 1826 1023 1872 condemnatio
1054 1825 1285 1871 celebrior
1319 1823 1582 1882 duceretur,

193 1920 271 1948 rex
310 1904 505 1949 Parisios
536 1905 694 1950 venire
727 1914 770 1949 et
803 1905 848 1949 in
885 1920 970 1949 suo
1009 1904 1305 1949 Parlamento
1340 1902 1586 1964 praesidere

192 1979 418 2026 voluerat.

259 2060 516 2102 Damnatus
539 2067 722 2116 autem,
753 2074 778 2102 a
807 2056 1048 2102 nonnullis
1074 2054 1279 2100 dominis
1303 2054 1361 2100 ad
1390 2054 1477 2100 hoc
1506 2054 1588 2100 de-

196 2134 366 2196 putatis
392 2143 437 2178 et
470 2134 668 2180 tribunis
694 2134 921 2191 militum⁷
952 2148 1120 2193 magna
1145 2131 1283 2176 etiam
1311 2130 1509 2176 militum
1534 2149 1587 2177 ac

194 2209 365 2253 civium
392 2210 639 2254 comitatus
663 2219 843 2254 caterva
867 2244 877 2265 7
910 2224 1019 2253 cum
1048 2206 1268 2252 omnibus
1298 2207 1507 2269 insigniis
1538 2208 1589 2253 il-

195 2285 282 2330 lius
306 2285 446 2330 officii
473 2302 525 2330 ac
559 2286 816 2347 dignitatis,
857 2302 1000 2347 quam
1035 2283 1409 2339 administrarat,
1446 2293 1585 2347 atque

196 2371 362 2423 torque
387 2362 546 2422 regia&
575 2378 717 2424 quam
742 2361 947 2424 gestabat
970 2361 1029 2406 ad
1058 2360 1248 2419 collum,
1277 2361 1385 2405 satis
1411 2362 1588 2423 magni-

196 2436 281 2483 fice
320 2447 545 2495 ornatus,
587 2438 644 2482 ad
690 2438 848 2483 locum
881 2437 1097 2500 supplicii
1132 2446 1200 2482 est
1233 2435 1492 2497 deductus,
1530 2437 1588 2482 ad

248 2559 283 2592 1.
316 2555 492 2606 Chapitre
512 2556 687 2606 imprime
712 2569 758 2593 en
784 2557 903 2608 partie
929 2556 1021 2593 dans
1047 2556 1099 2593 les
1127 2559 1338 2604 Meslanges
1364 2557 1518 2592 curz’eux
1545 2556 1591 2593 de

195 2614 366 2665 Philippe
394 2614 537 2662 Labbe‚
560 2629 596 2665 p.
623 2618 711 2654 7210.

247 2675 284 2712 2.
318 2674 446 2712 Pierre
467 2676 661 2713 d'Oriolle.

250 2737 283 2769 2³„
316 2737 367 2769 Le
390 2734 521 2771 collier
541 2735 586 2771 de
608 2735 745 2772 l'ordre
766 2736 812 2772 de
833 2735 1106 2773 Saint-Michel.
