<?xml version="1.0" encoding="UTF-8"?>
<!DOCTYPE html PUBLIC "-//W3C//DTD XHTML 1.0 Transitional//EN"
    "http://www.w3.org/TR/xhtml1/DTD/xhtml1-transitional.dtd">
<html xmlns="http://www.w3.org/1999/xhtml" xml:lang="en" lang="en">
 <head>
  <title>
</title>
<meta http-equiv="Content-Type" content="text/html;charset=utf-8" />
  <meta name='ocr-system' content='tesseract 3.04.00' />
  <meta name='ocr-capabilities' content='ocr_page ocr_carea ocr_par ocr_line ocrx_word'/>
</head>
<body>
  <div class='ocr_page' id='page_1' title='image "./histoiredesrgn02basi_0195.png"; bbox 0 0 1923 3020; ppageno 0'>
   <div class='ocr_carea' id='block_1_1' title="bbox 724 290 1649 328">
    <p class='ocr_par' dir='ltr' id='par_1_1' title="bbox 724 290 1649 328">
     <span class='ocr_line' id='line_1_1' title="bbox 724 290 1649 328; baseline -0.002 -1"><span class='ocrx_word' id='word_1_1' title='bbox 724 292 870 328; x_wconf 85' lang='lat' dir='ltr'>LIBER</span> <span class='ocrx_word' id='word_1_2' title='bbox 905 290 1171 327; x_wconf 89' lang='lat' dir='ltr'><strong>SECUNDUS.</strong></span> <span class='ocrx_word' id='word_1_3' title='bbox 1574 291 1649 325; x_wconf 79' lang='lat'>115</span> 
     </span>
    </p>
   </div>
   <div class='ocr_carea' id='block_1_2' title="bbox 251 377 1669 2590">
    <p class='ocr_par' dir='ltr' id='par_1_2' title="bbox 251 377 1669 2590">
     <span class='ocr_line' id='line_1_2' title="bbox 251 377 1652 443; baseline -0.003 -17"><span class='ocrx_word' id='word_1_4' title='bbox 251 380 396 439; x_wconf 88' lang='lat' dir='ltr'>ribus,</span> <span class='ocrx_word' id='word_1_5' title='bbox 423 380 597 426; x_wconf 89' lang='lat' dir='ltr'>habere</span> <span class='ocrx_word' id='word_1_6' title='bbox 622 389 869 443; x_wconf 87' lang='lat' dir='ltr'>poterant,</span> <span class='ocrx_word' id='word_1_7' title='bbox 906 379 1031 442; x_wconf 91' lang='lat' dir='ltr'>ipsos</span> <span class='ocrx_word' id='word_1_8' title='bbox 1057 393 1226 442; x_wconf 85' lang='lat' dir='ltr'>capere</span> <span class='ocrx_word' id='word_1_9' title='bbox 1257 386 1302 422; x_wconf 90' lang='lat' dir='ltr'>et</span> <span class='ocrx_word' id='word_1_10' title='bbox 1333 377 1379 421; x_wconf 91' lang='lat' dir='ltr'>in</span> <span class='ocrx_word' id='word_1_11' title='bbox 1407 393 1516 422; x_wconf 88' lang='lat' dir='ltr'>usus</span> <span class='ocrx_word' id='word_1_12' title='bbox 1541 393 1652 422; x_wconf 90' lang='lat' dir='ltr'>suos</span> 
     </span>
     <span class='ocr_line' id='line_1_3' title="bbox 251 453 1649 518; baseline -0.004 -16"><span class='ocrx_word' id='word_1_13' title='bbox 251 467 431 502; x_wconf 87' lang='lat' dir='ltr'>vertere</span> <span class='ocrx_word' id='word_1_14' title='bbox 449 474 543 502; x_wconf 91' lang='lat' dir='ltr'>non</span> <span class='ocrx_word' id='word_1_15' title='bbox 561 456 841 502; x_wconf 86' lang='lat' dir='ltr'>omittebant</span> <span class='ocrx_word' id='word_1_16' title='bbox 860 455 1015 518; x_wconf 87' lang='lat' dir='ltr'>plures</span> <span class='ocrx_word' id='word_1_17' title='bbox 1033 471 1086 500; x_wconf 89' lang='lat' dir='ltr'>ex</span> <span class='ocrx_word' id='word_1_18' title='bbox 1109 453 1400 518; x_wconf 85' lang='lat' dir='ltr'>principibus</span> <span class='ocrx_word' id='word_1_19' title='bbox 1419 453 1649 498; x_wconf 82' lang='lat' dir='ltr'>factionis.</span> 
     </span>
     <span class='ocr_line' id='line_1_4' title="bbox 255 530 1656 592; baseline -0.003 -14"><span class='ocrx_word' id='word_1_20' title='bbox 255 533 391 578; x_wconf 85' lang='lat' dir='ltr'><strong>Unde</strong></span> <span class='ocrx_word' id='word_1_21' title='bbox 418 542 463 578; x_wconf 91' lang='lat' dir='ltr'>et</span> <span class='ocrx_word' id='word_1_22' title='bbox 490 534 535 577; x_wconf 91' lang='lat' dir='ltr'>in</span> <span class='ocrx_word' id='word_1_23' title='bbox 564 533 658 578; x_wconf 88' lang='lat' dir='ltr'>suis</span> <span class='ocrx_word' id='word_1_24' title='bbox 681 533 815 578; x_wconf 86' lang='lat' dir='ltr'>terris</span> <span class='ocrx_word' id='word_1_25' title='bbox 840 542 885 577; x_wconf 90' lang='lat' dir='ltr'>et</span> <span class='ocrx_word' id='word_1_26' title='bbox 909 533 954 576; x_wconf 92' lang='lat' dir='ltr'>in</span> <span class='ocrx_word' id='word_1_27' title='bbox 979 531 1156 588; x_wconf 84' lang='lat' dir='ltr'>vicinis,</span> <span class='ocrx_word' id='word_1_28' title='bbox 1181 530 1468 592; x_wconf 88' lang='lat' dir='ltr'>ubicumque</span> <span class='ocrx_word' id='word_1_29' title='bbox 1487 545 1656 575; x_wconf 88' lang='lat' dir='ltr'>manus</span> 
     </span>
     <span class='ocr_line' id='line_1_5' title="bbox 252 606 1655 672; baseline -0.003 -18"><span class='ocrx_word' id='word_1_30' title='bbox 252 609 403 672; x_wconf 90' lang='lat' dir='ltr'>potuit</span> <span class='ocrx_word' id='word_1_31' title='bbox 437 610 647 667; x_wconf 86' lang='lat' dir='ltr'>mittere,</span> <span class='ocrx_word' id='word_1_32' title='bbox 687 609 779 654; x_wconf 86' lang='lat' dir='ltr'>hoc</span> <span class='ocrx_word' id='word_1_33' title='bbox 812 626 971 654; x_wconf 88' lang='grc'><strong>6011165</strong></span> <span class='ocrx_word' id='word_1_34' title='bbox 1005 608 1255 653; x_wconf 75' lang='lat' dir='ltr'>Arminiaci</span> <span class='ocrx_word' id='word_1_35' title='bbox 1289 623 1426 669; x_wconf 85' lang='lat' dir='ltr'>agere</span> <span class='ocrx_word' id='word_1_36' title='bbox 1461 606 1655 651; x_wconf 85' lang='lat' dir='ltr'>minime</span> 
     </span>
     <span class='ocr_line' id='line_1_6' title="bbox 252 683 1657 746; baseline -0.001 -16"><span class='ocrx_word' id='word_1_37' title='bbox 252 684 426 730; x_wconf 89' lang='lat' dir='ltr'>omisit.</span> <span class='ocrx_word' id='word_1_38' title='bbox 456 685 684 730; x_wconf 82' lang='lat' dir='ltr'>Dicebant</span> <span class='ocrx_word' id='word_1_39' title='bbox 708 686 834 730; x_wconf 91' lang='grc'><strong>6111111</strong></span> <span class='ocrx_word' id='word_1_40' title='bbox 861 686 1033 730; x_wconf 88' lang='lat' dir='ltr'>factum</span> <span class='ocrx_word' id='word_1_41' title='bbox 1059 685 1294 746; x_wconf 85' lang='lat' dir='ltr'>optimum</span> <span class='ocrx_word' id='word_1_42' title='bbox 1318 700 1442 740; x_wconf 85' lang='lat' dir='ltr'>esse,</span> <span class='ocrx_word' id='word_1_43' title='bbox 1471 684 1532 741; x_wconf 88' lang='lat' dir='ltr'>si,</span> <span class='ocrx_word' id='word_1_44' title='bbox 1562 683 1657 746; x_wconf 84' lang='lat' dir='ltr'>regi</span> 
     </span>
     <span class='ocr_line' id='line_1_7' title="bbox 252 759 1660 823; baseline -0.001 -17"><span class='ocrx_word' id='word_1_45' title='bbox 252 771 296 806; x_wconf 87' lang='lat' dir='ltr'>et</span> <span class='ocrx_word' id='word_1_46' title='bbox 320 761 543 823; x_wconf 79' lang='lat' dir='ltr'>pecunias</span> <span class='ocrx_word' id='word_1_47' title='bbox 566 770 611 806; x_wconf 93' lang='lat' dir='ltr'>et</span> <span class='ocrx_word' id='word_1_48' title='bbox 636 771 781 806; x_wconf 87' lang='lat' dir='ltr'>terras</span> <span class='ocrx_word' id='word_1_49' title='bbox 815 761 1093 819; x_wconf 87' lang='lat' dir='ltr'>auferendo,</span> <span class='ocrx_word' id='word_1_50' title='bbox 1137 760 1250 805; x_wconf 91' lang='lat' dir='ltr'>illud</span> <span class='ocrx_word' id='word_1_51' title='bbox 1291 760 1379 805; x_wconf 88' lang='lat' dir='ltr'>sibi</span> <span class='ocrx_word' id='word_1_52' title='bbox 1416 759 1660 805; x_wconf 87' lang='lat' dir='ltr'>subtrahe-</span> 
     </span>
     <span class='ocr_line' id='line_1_8' title="bbox 252 836 1656 900; baseline 0 -18"><span class='ocrx_word' id='word_1_53' title='bbox 252 847 381 896; x_wconf 82' lang='lat' dir='ltr'><strong>rent,</strong></span> <span class='ocrx_word' id='word_1_54' title='bbox 411 836 539 883; x_wconf 91' lang='lat' dir='ltr'>unde</span> <span class='ocrx_word' id='word_1_55' title='bbox 566 837 789 883; x_wconf 87' lang='lat' dir='ltr'>militibus</span> <span class='ocrx_word' id='word_1_56' title='bbox 814 839 908 883; x_wconf 87' lang='lat' dir='ltr'>suis</span> <span class='ocrx_word' id='word_1_57' title='bbox 928 836 1161 900; x_wconf 89' lang='lat' dir='ltr'>stipendia</span> <span class='ocrx_word' id='word_1_58' title='bbox 1192 837 1342 881; x_wconf 88' lang='lat' dir='ltr'>facere</span> <span class='ocrx_word' id='word_1_59' title='bbox 1365 845 1656 883; x_wconf 81' lang='lat' dir='ltr'>consuesset.</span> 
     </span>
     <span class='ocr_line' id='line_1_9' title="bbox 317 913 1661 975; baseline -0.001 -16"><span class='ocrx_word' id='word_1_60' title='bbox 317 916 410 959; x_wconf 86' lang='lat' dir='ltr'>Rex</span> <span class='ocrx_word' id='word_1_61' title='bbox 447 923 602 960; x_wconf 87' lang='lat' dir='ltr'>autem</span> <span class='ocrx_word' id='word_1_62' title='bbox 638 932 745 960; x_wconf 88' lang='grc'><strong>611111</strong></span> <span class='ocrx_word' id='word_1_63' title='bbox 787 913 1058 960; x_wconf 88' lang='lat' dir='ltr'>incendium</span> <span class='ocrx_word' id='word_1_64' title='bbox 1090 929 1228 974; x_wconf 75' lang='lat' dir='ltr'>grave</span> <span class='ocrx_word' id='word_1_65' title='bbox 1262 922 1306 957; x_wconf 90' lang='lat' dir='ltr'>et</span> <span class='ocrx_word' id='word_1_66' title='bbox 1346 913 1661 975; x_wconf 88' lang='lat' dir='ltr'>periculosum</span> 
     </span>
     <span class='ocr_line' id='line_1_10' title="bbox 253 988 1660 1054; baseline -0.001 -19"><span class='ocrx_word' id='word_1_67' title='bbox 253 989 339 1036; x_wconf 89' lang='lat' dir='ltr'>sibi</span> <span class='ocrx_word' id='word_1_68' title='bbox 364 991 597 1036; x_wconf 88' lang='lat' dir='ltr'>initiatum</span> <span class='ocrx_word' id='word_1_69' title='bbox 627 1001 901 1054; x_wconf 84' lang='lat' dir='ltr'>agnosceret</span> <span class='ocrx_word' id='word_1_70' title='bbox 924 992 968 1035; x_wconf 90' lang='lat' dir='ltr'>in</span> <span class='ocrx_word' id='word_1_71' title='bbox 999 989 1268 1034; x_wconf 87' lang='lat' dir='ltr'>Bituricensi</span> <span class='ocrx_word' id='word_1_72' title='bbox 1293 998 1337 1034; x_wconf 91' lang='lat' dir='ltr'>et</span> <span class='ocrx_word' id='word_1_73' title='bbox 1366 988 1660 1034; x_wconf 86' lang='lat' dir='ltr'>Borbonensi</span> 
     </span>
     <span class='ocr_line' id='line_1_11' title="bbox 255 1066 1662 1122; baseline 0.001 -11"><span class='ocrx_word' id='word_1_74' title='bbox 255 1068 520 1122; x_wconf 79' lang='lat' dir='ltr'>territoriis,</span> <span class='ocrx_word' id='word_1_75' title='bbox 551 1070 673 1114; x_wconf 87' lang='lat' dir='ltr'>et...ยน</span> <span class='ocrx_word' id='word_1_76' title='bbox 700 1067 915 1113; x_wconf 85' lang='lat' dir='ltr'>nondum</span> <span class='ocrx_word' id='word_1_77' title='bbox 946 1076 1041 1112; x_wconf 86' lang='lat' dir='ltr'>tam</span> <span class='ocrx_word' id='word_1_78' title='bbox 1066 1067 1155 1112; x_wconf 89' lang='lat' dir='ltr'>cita</span> <span class='ocrx_word' id='word_1_79' title='bbox 1182 1082 1236 1111; x_wconf 90' lang='lat' dir='ltr'>ac</span> <span class='ocrx_word' id='word_1_80' title='bbox 1266 1066 1433 1112; x_wconf 88' lang='lat' dir='ltr'>festina</span> <span class='ocrx_word' id='word_1_81' title='bbox 1463 1067 1662 1112; x_wconf 88' lang='lat' dir='ltr'>aliorum</span> 
     </span>
     <span class='ocr_line' id='line_1_12' title="bbox 254 1142 1665 1207; baseline 0 -19"><span class='ocrx_word' id='word_1_82' title='bbox 254 1143 522 1207; x_wconf 79' lang='lat' dir='ltr'>principum</span> <span class='ocrx_word' id='word_1_83' title='bbox 561 1144 773 1189; x_wconf 78' lang='lat' dir='ltr'>factionis</span> <span class='ocrx_word' id='word_1_84' title='bbox 800 1144 1034 1201; x_wconf 88' lang='lat' dir='ltr'>motione,</span> <span class='ocrx_word' id='word_1_85' title='bbox 1071 1142 1393 1201; x_wconf 71' lang='lat' dir='ltr'>intellexisset,</span> <span class='ocrx_word' id='word_1_86' title='bbox 1429 1159 1537 1188; x_wconf 90' lang='lat' dir='ltr'>cum</span> <span class='ocrx_word' id='word_1_87' title='bbox 1566 1159 1665 1189; x_wconf 88' lang='lat' dir='ltr'>ma-</span> 
     </span>
     <span class='ocr_line' id='line_1_13' title="bbox 255 1218 1667 1284; baseline -0.001 -19"><span class='ocrx_word' id='word_1_88' title='bbox 255 1221 356 1282; x_wconf 81' lang='lat' dir='ltr'>gnis</span> <span class='ocrx_word' id='word_1_89' title='bbox 380 1222 591 1283; x_wconf 86' lang='lat' dir='ltr'>equitum</span> <span class='ocrx_word' id='word_1_90' title='bbox 620 1231 759 1283; x_wconf 89' lang='lat' dir='ltr'>atque</span> <span class='ocrx_word' id='word_1_91' title='bbox 781 1221 994 1284; x_wconf 87' lang='lat' dir='ltr'>peditum</span> <span class='ocrx_word' id='word_1_92' title='bbox 1018 1220 1165 1283; x_wconf 82' lang='lat' dir='ltr'>copiis</span> <span class='ocrx_word' id='word_1_93' title='bbox 1182 1218 1242 1264; x_wconf 94' lang='lat' dir='ltr'>ad</span> <span class='ocrx_word' id='word_1_94' title='bbox 1268 1228 1413 1265; x_wconf 86' lang='lat' dir='ltr'>terras</span> <span class='ocrx_word' id='word_1_95' title='bbox 1433 1219 1532 1265; x_wconf 86' lang='lat' dir='ltr'>illas</span> <span class='ocrx_word' id='word_1_96' title='bbox 1559 1236 1667 1282; x_wconf 87' lang='lat' dir='ltr'>pro-</span> 
     </span>
     <span class='ocr_line' id='line_1_14' title="bbox 258 1295 1664 1360; baseline -0.001 -19"><span class='ocrx_word' id='word_1_97' title='bbox 258 1313 367 1360; x_wconf 84' lang='lat' dir='ltr'>pere</span> <span class='ocrx_word' id='word_1_98' title='bbox 392 1297 746 1360; x_wconf 47' lang='lat' dir='ltr'>proficiscitur?</span> <span class='ocrx_word' id='word_1_99' title='bbox 781 1296 848 1341; x_wconf 72' lang='lat' dir='ltr'>Ad</span> <span class='ocrx_word' id='word_1_100' title='bbox 875 1313 989 1358; x_wconf 84' lang='lat' dir='ltr'>quas</span> <span class='ocrx_word' id='word_1_101' title='bbox 1020 1296 1237 1352; x_wconf 87' lang='lat' dir='ltr'>veniens,</span> <span class='ocrx_word' id='word_1_102' title='bbox 1278 1295 1456 1358; x_wconf 83' lang='lat' dir='ltr'>absque</span> <span class='ocrx_word' id='word_1_103' title='bbox 1492 1312 1664 1356; x_wconf 79' lang='lat' dir='ltr'>magno</span> 
     </span>
     <span class='ocr_line' id='line_1_15' title="bbox 256 1375 1666 1438; baseline 0 -17"><span class='ocrx_word' id='word_1_104' title='bbox 256 1377 447 1438; x_wconf 83' lang='lat' dir='ltr'>negotio</span> <span class='ocrx_word' id='word_1_105' title='bbox 490 1377 648 1422; x_wconf 86' lang='lat' dir='ltr'>omnia</span> <span class='ocrx_word' id='word_1_106' title='bbox 699 1376 842 1421; x_wconf 88' lang='lat' dir='ltr'>ferme</span> <span class='ocrx_word' id='word_1_107' title='bbox 888 1375 1074 1421; x_wconf 84' lang='lat' dir='ltr'>castella</span> <span class='ocrx_word' id='word_1_108' title='bbox 1113 1376 1185 1420; x_wconf 75' lang='lat' dir='ltr'>vel</span> <span class='ocrx_word' id='word_1_109' title='bbox 1231 1376 1374 1421; x_wconf 86' lang='lat' dir='ltr'>armis</span> <span class='ocrx_word' id='word_1_110' title='bbox 1420 1375 1492 1420; x_wconf 87' lang='lat' dir='ltr'>vel</span> <span class='ocrx_word' id='word_1_111' title='bbox 1533 1375 1666 1421; x_wconf 90' lang='lat' dir='ltr'>dedi-</span> 
     </span>
     <span class='ocr_line' id='line_1_16' title="bbox 257 1451 1667 1517; baseline 0 -19"><span class='ocrx_word' id='word_1_112' title='bbox 257 1455 384 1499; x_wconf 86' lang='lat' dir='ltr'>tione</span> <span class='ocrx_word' id='word_1_113' title='bbox 417 1455 611 1517; x_wconf 88' lang='lat' dir='ltr'>recepit,</span> <span class='ocrx_word' id='word_1_114' title='bbox 640 1470 742 1517; x_wconf 81' lang='lat' dir='ltr'>quae</span> <span class='ocrx_word' id='word_1_115' title='bbox 777 1453 836 1498; x_wconf 90' lang='lat' dir='ltr'>ab</span> <span class='ocrx_word' id='word_1_116' title='bbox 875 1470 932 1499; x_wconf 87' lang='lat' dir='ltr'>eo</span> <span class='ocrx_word' id='word_1_117' title='bbox 973 1451 1257 1500; x_wconf 80' lang='lat' dir='ltr'>defecerant.</span> <span class='ocrx_word' id='word_1_118' title='bbox 1297 1456 1504 1516; x_wconf 86' lang='lat' dir='ltr'>Quoquo</span> <span class='ocrx_word' id='word_1_119' title='bbox 1541 1454 1667 1499; x_wconf 90' lang='lat' dir='ltr'>enim</span> 
     </span>
     <span class='ocr_line' id='line_1_17' title="bbox 256 1530 1668 1593; baseline 0.001 -17"><span class='ocrx_word' id='word_1_120' title='bbox 256 1530 559 1589; x_wconf 77' lang='lat' dir='ltr'>adventaret,</span> <span class='ocrx_word' id='word_1_121' title='bbox 602 1531 747 1576; x_wconf 84' lang='lat' dir='ltr'>territi</span> <span class='ocrx_word' id='word_1_122' title='bbox 793 1531 915 1575; x_wconf 69' lang='lat' dir='ltr'>cives</span> <span class='ocrx_word' id='word_1_123' title='bbox 969 1531 1162 1576; x_wconf 91' lang='lat' dir='ltr'>nomine</span> <span class='ocrx_word' id='word_1_124' title='bbox 1208 1531 1327 1592; x_wconf 85' lang='lat' dir='ltr'>regis</span> <span class='ocrx_word' id='word_1_125' title='bbox 1375 1530 1668 1593; x_wconf 85' lang='lat' dir='ltr'>militumque</span> 
     </span>
     <span class='ocr_line' id='line_1_18' title="bbox 259 1606 1668 1671; baseline 0 -18"><span class='ocrx_word' id='word_1_126' title='bbox 259 1609 466 1671; x_wconf 86' lang='lat' dir='ltr'>potentia</span> <span class='ocrx_word' id='word_1_127' title='bbox 499 1608 652 1653; x_wconf 87' lang='lat' dir='ltr'>statim</span> <span class='ocrx_word' id='word_1_128' title='bbox 680 1606 968 1652; x_wconf 87' lang='lat' dir='ltr'>deditionem</span> <span class='ocrx_word' id='word_1_129' title='bbox 994 1606 1201 1652; x_wconf 87' lang='lat' dir='ltr'>fecerunt</span> <span class='ocrx_word' id='word_1_130' title='bbox 1224 1645 1233 1667; x_wconf 84' lang='lat'>,</span> <span class='ocrx_word' id='word_1_131' title='bbox 1262 1608 1515 1670; x_wconf 61' lang='lat' dir='ltr'>praesertim</span> <span class='ocrx_word' id='word_1_132' title='bbox 1540 1617 1668 1671; x_wconf 88' lang='lat' dir='ltr'>post-</span> 
     </span>
     <span class='ocr_line' id='line_1_19' title="bbox 258 1683 1668 1748; baseline 0.001 -19"><span class='ocrx_word' id='word_1_133' title='bbox 258 1701 398 1746; x_wconf 88' lang='lat' dir='ltr'>quam</span> <span class='ocrx_word' id='word_1_134' title='bbox 437 1684 665 1729; x_wconf 90' lang='lat' dir='ltr'>nonnulla</span> <span class='ocrx_word' id='word_1_135' title='bbox 705 1683 958 1747; x_wconf 87' lang='lat' dir='ltr'>oppidula,</span> <span class='ocrx_word' id='word_1_136' title='bbox 986 1701 1088 1746; x_wconf 61' lang='lat' dir='ltr'>qua*</span> <span class='ocrx_word' id='word_1_137' title='bbox 1113 1684 1324 1729; x_wconf 89' lang='lat' dir='ltr'>resistere</span> <span class='ocrx_word' id='word_1_138' title='bbox 1357 1701 1668 1748; x_wconf 86' lang='lat' dir='ltr'>praesumpse-</span> 
     </span>
     <span class='ocr_line' id='line_1_20' title="bbox 260 1760 1668 1825; baseline 0 -18"><span class='ocrx_word' id='word_1_139' title='bbox 260 1772 392 1820; x_wconf 86' lang='lat' dir='ltr'>rant,</span> <span class='ocrx_word' id='word_1_140' title='bbox 432 1761 598 1825; x_wconf 72' lang='lat' dir='ltr'>praedae</span> <span class='ocrx_word' id='word_1_141' title='bbox 634 1770 774 1822; x_wconf 90' lang='lat' dir='ltr'>atque</span> <span class='ocrx_word' id='word_1_142' title='bbox 811 1760 1063 1823; x_wconf 89' lang='lat' dir='ltr'>direptioni</span> <span class='ocrx_word' id='word_1_143' title='bbox 1098 1761 1237 1806; x_wconf 87' lang='lat' dir='ltr'>fuisse</span> <span class='ocrx_word' id='word_1_144' title='bbox 1269 1762 1479 1824; x_wconf 87' lang='lat' dir='ltr'>exposita</span> <span class='ocrx_word' id='word_1_145' title='bbox 1521 1763 1668 1807; x_wconf 90' lang='lat' dir='ltr'>maxi-</span> 
     </span>
     <span class='ocr_line' id='line_1_21' title="bbox 259 1836 1662 1900; baseline 0 -17"><span class='ocrx_word' id='word_1_146' title='bbox 259 1839 440 1900; x_wconf 89' lang='lat' dir='ltr'>misque</span> <span class='ocrx_word' id='word_1_147' title='bbox 477 1838 613 1882; x_wconf 86' lang='lat' dir='ltr'>fuisse</span> <span class='ocrx_word' id='word_1_148' title='bbox 657 1837 892 1899; x_wconf 89' lang='lat' dir='ltr'>implicata</span> <span class='ocrx_word' id='word_1_149' title='bbox 935 1836 1274 1882; x_wconf 80' lang='lat' dir='ltr'>calamitatibus</span> <span class='ocrx_word' id='word_1_150' title='bbox 1320 1847 1662 1899; x_wconf 80' lang='lat' dir='ltr'>cognoverunt.</span> 
     </span>
     <span class='ocr_line' id='line_1_22' title="bbox 259 1913 1666 1961; baseline 0.001 -1"><span class='ocrx_word' id='word_1_151' title='bbox 259 1915 504 1960; x_wconf 84' lang='lat' dir='ltr'>Civitatem</span> <span class='ocrx_word' id='word_1_152' title='bbox 530 1923 685 1958; x_wconf 85' lang='lat' dir='ltr'>tamen</span> <span class='ocrx_word' id='word_1_153' title='bbox 716 1913 1046 1960; x_wconf 85' lang='lat' dir='ltr'>Bituricensem</span> <span class='ocrx_word' id='word_1_154' title='bbox 1081 1930 1158 1959; x_wconf 85' lang='lat' dir='ltr'>rex</span> <span class='ocrx_word' id='word_1_155' title='bbox 1193 1923 1306 1959; x_wconf 87' lang='lat' dir='ltr'>tunc</span> <span class='ocrx_word' id='word_1_156' title='bbox 1330 1914 1552 1960; x_wconf 87' lang='lat' dir='ltr'>intactam</span> <span class='ocrx_word' id='word_1_157' title='bbox 1583 1915 1666 1961; x_wconf 88' lang='lat' dir='ltr'>de-</span> 
     </span>
     <span class='ocr_line' id='line_1_23' title="bbox 260 1990 1667 2055; baseline 0 -18"><span class='ocrx_word' id='word_1_158' title='bbox 260 1992 475 2052; x_wconf 86' lang='lat' dir='ltr'>reliquit,</span> <span class='ocrx_word' id='word_1_159' title='bbox 504 2007 561 2036; x_wconf 91' lang='grc'><strong>60</strong></span> <span class='ocrx_word' id='word_1_160' title='bbox 597 1990 726 2051; x_wconf 90' lang='lat' dir='ltr'>quod</span> <span class='ocrx_word' id='word_1_161' title='bbox 755 1991 852 2051; x_wconf 88' lang='lat' dir='ltr'>ejus</span> <span class='ocrx_word' id='word_1_162' title='bbox 890 1991 1183 2054; x_wconf 79' lang='lat' dir='ltr'>oppugnatio</span> <span class='ocrx_word' id='word_1_163' title='bbox 1220 1991 1410 2052; x_wconf 87' lang='lat' dir='ltr'>majoris</span> <span class='ocrx_word' id='word_1_164' title='bbox 1442 1992 1667 2055; x_wconf 88' lang='lat' dir='ltr'>temporis</span> 
     </span>
     <span class='ocr_line' id='line_1_24' title="bbox 261 2068 1664 2131; baseline 0.001 -16"><span class='ocrx_word' id='word_1_165' title='bbox 261 2085 417 2115; x_wconf 88' lang='lat' dir='ltr'>moras</span> <span class='ocrx_word' id='word_1_166' title='bbox 438 2079 481 2114; x_wconf 89' lang='lat' dir='ltr'>et</span> <span class='ocrx_word' id='word_1_167' title='bbox 500 2068 734 2114; x_wconf 80' lang='lat' dir='ltr'>difficilius</span> <span class='ocrx_word' id='word_1_168' title='bbox 752 2069 1034 2131; x_wconf 74' lang='lat' dir='ltr'>exposcebat</span> <span class='ocrx_word' id='word_1_169' title='bbox 1056 2069 1313 2130; x_wconf 71' lang='lat' dir='ltr'>negotium.</span> <span class='ocrx_word' id='word_1_170' title='bbox 1344 2072 1445 2114; x_wconf 86' lang='lat' dir='ltr'>Non</span> <span class='ocrx_word' id='word_1_171' title='bbox 1466 2069 1664 2116; x_wconf 87' lang='lat' dir='ltr'>dubium</span> 
     </span>
     <span class='ocr_line' id='line_1_25' title="bbox 260 2144 1661 2208; baseline 0.001 -17"><span class='ocrx_word' id='word_1_172' title='bbox 260 2155 417 2191; x_wconf 89' lang='lat' dir='ltr'>autem</span> <span class='ocrx_word' id='word_1_173' title='bbox 436 2145 548 2207; x_wconf 85' lang='lat' dir='ltr'>quin</span> <span class='ocrx_word' id='word_1_174' title='bbox 571 2162 648 2190; x_wconf 91' lang='lat' dir='ltr'>rex</span> <span class='ocrx_word' id='word_1_175' title='bbox 676 2161 917 2190; x_wconf 86' lang='lat' dir='ltr'>armorum</span> <span class='ocrx_word' id='word_1_176' title='bbox 944 2145 1170 2208; x_wconf 87' lang='lat' dir='ltr'>potentia,</span> <span class='ocrx_word' id='word_1_177' title='bbox 1195 2161 1290 2190; x_wconf 93' lang='lat' dir='ltr'>non</span> <span class='ocrx_word' id='word_1_178' title='bbox 1315 2144 1397 2190; x_wconf 92' lang='lat' dir='ltr'>diu</span> <span class='ocrx_word' id='word_1_179' title='bbox 1422 2155 1528 2208; x_wconf 87' lang='lat' dir='ltr'>post</span> <span class='ocrx_word' id='word_1_180' title='bbox 1550 2146 1661 2204; x_wconf 90' lang='lat' dir='ltr'>hoc,</span> 
     </span>
     <span class='ocr_line' id='line_1_26' title="bbox 260 2221 1665 2283; baseline 0.001 -15"><span class='ocrx_word' id='word_1_181' title='bbox 260 2221 430 2268; x_wconf 86' lang='lat' dir='ltr'>ducem</span> <span class='ocrx_word' id='word_1_182' title='bbox 475 2221 721 2279; x_wconf 84' lang='lat' dir='ltr'>Borbonii,</span> <span class='ocrx_word' id='word_1_183' title='bbox 762 2221 842 2283; x_wconf 86' lang='lat' dir='ltr'>qui</span> <span class='ocrx_word' id='word_1_184' title='bbox 879 2221 938 2266; x_wconf 90' lang='lat' dir='ltr'>de</span> <span class='ocrx_word' id='word_1_185' title='bbox 972 2221 1163 2267; x_wconf 89' lang='lat' dir='ltr'>castello</span> <span class='ocrx_word' id='word_1_186' title='bbox 1199 2223 1245 2266; x_wconf 91' lang='lat' dir='ltr'>in</span> <span class='ocrx_word' id='word_1_187' title='bbox 1282 2222 1525 2268; x_wconf 87' lang='lat' dir='ltr'>castellum</span> <span class='ocrx_word' id='word_1_188' title='bbox 1558 2224 1665 2269; x_wconf 83' lang='lat' dir='ltr'>abs-</span> 
     </span>
     <span class='ocr_line' id='line_1_27' title="bbox 261 2297 1666 2363; baseline 0.004 -21"><span class='ocrx_word' id='word_1_189' title='bbox 261 2315 352 2360; x_wconf 92' lang='lat' dir='ltr'>que</span> <span class='ocrx_word' id='word_1_190' title='bbox 387 2298 540 2360; x_wconf 84' lang='lat' dir='ltr'>aliqua</span> <span class='ocrx_word' id='word_1_191' title='bbox 575 2298 832 2343; x_wconf 81' lang='lat' dir='ltr'>resistentia</span> <span class='ocrx_word' id='word_1_192' title='bbox 872 2297 1100 2358; x_wconf 78' lang='lat' dir='ltr'>fugiebat,</span> <span class='ocrx_word' id='word_1_193' title='bbox 1137 2298 1268 2343; x_wconf 86' lang='lat' dir='ltr'>terris</span> <span class='ocrx_word' id='word_1_194' title='bbox 1303 2299 1396 2343; x_wconf 90' lang='lat' dir='ltr'>suis</span> <span class='ocrx_word' id='word_1_195' title='bbox 1437 2309 1481 2344; x_wconf 92' lang='lat' dir='ltr'>et</span> <span class='ocrx_word' id='word_1_196' title='bbox 1518 2302 1666 2363; x_wconf 86' lang='lat' dir='ltr'>patria</span> 
     </span>
     <span class='ocr_line' id='line_1_28' title="bbox 262 2374 1667 2441; baseline 0.004 -23"><span class='ocrx_word' id='word_1_197' title='bbox 262 2374 536 2437; x_wconf 81' lang='lat' dir='ltr'>expulisset,</span> <span class='ocrx_word' id='word_1_198' title='bbox 576 2375 610 2419; x_wconf 91' lang='lat' dir='ltr'>si</span> <span class='ocrx_word' id='word_1_199' title='bbox 650 2391 746 2419; x_wconf 92' lang='lat' dir='ltr'>non</span> <span class='ocrx_word' id='word_1_200' title='bbox 783 2374 871 2419; x_wconf 85' lang='lat' dir='ltr'>alia</span> <span class='ocrx_word' id='word_1_201' title='bbox 907 2375 1121 2435; x_wconf 80' lang='lat' dir='ltr'>graviora</span> <span class='ocrx_word' id='word_1_202' title='bbox 1158 2375 1441 2438; x_wconf 88' lang='lat' dir='ltr'>majorisque</span> <span class='ocrx_word' id='word_1_203' title='bbox 1474 2378 1667 2441; x_wconf 90' lang='lat' dir='ltr'>periculi</span> 
     </span>
     <span class='ocr_line' id='line_1_29' title="bbox 261 2450 1500 2515; baseline 0.001 -19"><span class='ocrx_word' id='word_1_204' title='bbox 261 2468 417 2511; x_wconf 73' lang='lat' dir='ltr'>regem</span> <span class='ocrx_word' id='word_1_205' title='bbox 441 2469 548 2497; x_wconf 88' lang='grc'><strong>611111</strong></span> <span class='ocrx_word' id='word_1_206' title='bbox 573 2452 666 2496; x_wconf 86' lang='grc'><strong>51115</strong></span> <span class='ocrx_word' id='word_1_207' title='bbox 691 2452 838 2514; x_wconf 87' lang='lat' dir='ltr'>copiis</span> <span class='ocrx_word' id='word_1_208' title='bbox 859 2451 950 2496; x_wconf 91' lang='lat' dir='ltr'>alio</span> <span class='ocrx_word' id='word_1_209' title='bbox 970 2450 1199 2497; x_wconf 86' lang='lat' dir='ltr'>divertere</span> <span class='ocrx_word' id='word_1_210' title='bbox 1225 2454 1500 2515; x_wconf 84' lang='lat' dir='ltr'>coegissent.</span> 
     </span>
     <span class='ocr_line' id='line_1_30' title="bbox 328 2528 1669 2590; baseline 0.003 -18"><span class='ocrx_word' id='word_1_211' title='bbox 328 2530 569 2573; x_wconf 77' lang='lat' dir='ltr'>Moverant</span> <span class='ocrx_word' id='word_1_212' title='bbox 590 2528 716 2573; x_wconf 90' lang='lat' dir='ltr'>enim</span> <span class='ocrx_word' id='word_1_213' title='bbox 742 2528 800 2572; x_wconf 90' lang='lat' dir='ltr'>de</span> <span class='ocrx_word' id='word_1_214' title='bbox 821 2528 955 2572; x_wconf 87' lang='lat' dir='ltr'>terris</span> <span class='ocrx_word' id='word_1_215' title='bbox 979 2528 1072 2573; x_wconf 90' lang='lat' dir='ltr'>suis</span> <span class='ocrx_word' id='word_1_216' title='bbox 1092 2544 1197 2573; x_wconf 87' lang='lat' dir='ltr'>cum</span> <span class='ocrx_word' id='word_1_217' title='bbox 1226 2530 1409 2590; x_wconf 80' lang='lat' dir='ltr'>magnis</span> <span class='ocrx_word' id='word_1_218' title='bbox 1433 2541 1478 2576; x_wconf 91' lang='lat' dir='ltr'>et</span> <span class='ocrx_word' id='word_1_219' title='bbox 1506 2531 1669 2576; x_wconf 88' lang='lat' dir='ltr'>validis</span> 
     </span>
    </p>
   </div>
   <div class='ocr_carea' id='block_1_3' title="bbox 318 2705 1398 2803">
    <p class='ocr_par' dir='ltr' id='par_1_3' title="bbox 318 2705 1398 2803">
     <span class='ocr_line' id='line_1_31' title="bbox 318 2705 1398 2756; baseline 0.005 -14"><span class='ocrx_word' id='word_1_220' title='bbox 318 2709 354 2742; x_wconf 77' lang='lat'>1.</span> <span class='ocrx_word' id='word_1_221' title='bbox 386 2709 539 2743; x_wconf 87' lang='lat' dir='ltr'>Lacune</span> <span class='ocrx_word' id='word_1_222' title='bbox 560 2705 610 2743; x_wconf 88' lang='grc'><strong>(111</strong></span> <span class='ocrx_word' id='word_1_223' title='bbox 635 2714 751 2755; x_wconf 78' lang='lat' dir='ltr'>texte,</span> <span class='ocrx_word' id='word_1_224' title='bbox 772 2705 955 2756; x_wconf 86' lang='lat' dir='ltr'>quoiqu&#39;il</span> <span class='ocrx_word' id='word_1_225' title='bbox 979 2720 1018 2743; x_wconf 82' lang='lat' dir='ltr'>se</span> <span class='ocrx_word' id='word_1_226' title='bbox 1036 2707 1144 2745; x_wconf 80' lang='lat' dir='ltr'>suive</span> <span class='ocrx_word' id='word_1_227' title='bbox 1163 2708 1256 2746; x_wconf 84' lang='lat' dir='ltr'>dans</span> <span class='ocrx_word' id='word_1_228' title='bbox 1279 2710 1311 2747; x_wconf 86' lang='lat' dir='ltr'>le</span> <span class='ocrx_word' id='word_1_229' title='bbox 1332 2724 1398 2748; x_wconf 72' lang='grc'><strong>1115.</strong></span> 
     </span>
     <span class='ocr_line' id='line_1_32' title="bbox 320 2765 601 2803; baseline 0.007 -2"><span class='ocrx_word' id='word_1_230' title='bbox 320 2768 355 2801; x_wconf 75' lang='lat'>2.</span> <span class='ocrx_word' id='word_1_231' title='bbox 389 2765 462 2802; x_wconf 79' lang='lat' dir='ltr'>Mai</span> <span class='ocrx_word' id='word_1_232' title='bbox 486 2767 601 2803; x_wconf 62' lang='lat'>1465.</span> 
     </span>
    </p>
   </div>
  </div>
 </body>
</html>
