1923 3020
679 270 821 304 LIBER
858 269 1073 304 TERTIUS.
1503 269 1570 303 2:21

247 354 386 416 igitur
406 353 574 400 talibus
597 354 758 399 futura¹
781 354 1101 399 dissensionis¹
1124 364 1166 399 et
1192 356 1331 399 futuri
1353 354 1459 399 belli
1480 356 1578 416 qui-

177 431 377 477 busdam
397 431 538 476 veluti
556 431 789 495 pra›ludiis
806 431 993 488 habitis,
1016 431 1149 493 legati
1170 441 1214 477 et
1232 432 1434 495 epistolae
1455 432 1576 477 ultro

176 510 390 571 citroque
419 518 637 566 currunt,
667 518 911 571 poscentes
935 508 1200 554 ablatorum
1224 517 1268 553 et
1290 507 1376 553 sub
1400 518 1575 553 arresto

178 584 479 630 detentorum
524 584 622 629 fieri
666 586 884 647 utrinque
921 585 1263 629 restitutionem
1300 603 1308 629 2
1351 585 1576 630 offerente

175 679 227 707 ex
259 672 389 724 parte
422 678 504 708 sua
536 662 923 724 Burgundionum
957 662 1100 717 duce,
1133 677 1238 706 eain
1266 679 1314 707 se
1345 662 1575 707 facturum

175 739 290 796 fore,
318 738 463 783 modo
489 739 698 784 similiter
724 756 800 784 rex
828 739 964 783 etiam
993 742 1280 783 Francorum
1305 739 1576 801 disponeret

174 816 555 878 exsecutionique
579 816 837 861 mandaret.
865 818 913 859 Et
937 815 1127 877 quidem
1150 832 1232 878 per
1253 816 1429 877 aliquot
1450 833 1576 862 men-

175 908 245 936 ses
267 901 311 937 et
332 892 414 937 diu
435 894 543 937 satis
565 894 793 938 creditum
815 902 881 937 est
903 891 999 937 fieri
1019 892 1207 937 debere.
1233 893 1322 937 Sed
1344 893 1575 955 quidquid

174 967 246 1013 vel
266 969 466 1029 justitiae,
496 969 565 1014 ve]
590 968 930 1014 benevolentiae
956 968 1094 1013 verba
1121 969 1474 1031 protenderent,
1504 987 1575 1015 res

174 1044 282 1106 ipsae
299 1062 480 1109 semper
498 1046 543 1090 in
558 1046 791 1091 deteriora
805 1044 1018 1101 ruebant,
1031 1045 1420 1107 jaciebanturque
1436 1057 1574 1109 atque

174 1122 542 1184 exquirebantur
566 1139 648 1185 per
681 1139 836 1184 regem
860 1121 1089 1167 inferendi
1115 1122 1420 1168 fundamenta
1444 1124 1569 1170 belli.

240 1198 318 1243 Ille
354 1200 479 1244 enirn
518 1198 854 1261 1)ertidissinnis
885 1198 1100 1262 proditor
1134 1199 1382 1255 IVarvl'cla,
1411 1200 1573 1245 videns

174 1292 222 1321 se
258 1292 402 1337 regno
445 1275 613 1337 Angliae
649 1286 691 1321 et
725 1276 870 1338 patria
904 1276 1126 1337 ejectum,
1170 1293 1258 1321 nec
1287 1276 1345 1321 ad
1381 1294 1573 1342 recupe-

174 1352 373 1397 randum
396 1352 592 1415 patriam
618 1361 661 1396 et
685 1368 761 1411 ea,
791 1368 893 1414 ‹111ae
919 1352 1098 1414 fugiens
1122 1353 1405 1415 reliquisset,
1435 1354 1573 1400 aliani

174 1428 259 1473 sibi
295 1429 427 1474 facile
460 1439 618 1492 patere
654 1446 790 1491 posse
821 1430 966 1486 viam,
1006 1446 1149 1492 quam
1192 1431 1224 1474 si
1268 1432 1333 1476 eis
1369 1448 1488 1494 quos
1525 1433 1571 1477 in

174 1507 335 1567 Anglia
370 1506 575 1551 habebat
613 1505 878 1551 favoribus2
911 1507 1047 1551 etiam
1081 1524 1160 1552 eos
1193 1524 1313 1570 quos
1346 1510 1573 1555 Henricus

174 1599 274 1640 rex,
304 1584 349 1627 in
375 1584 640 1645 captivitate
666 1582 904 1642 detentus,
934 1583 1088 1629 adhuc
1115 1585 1161 1629 in
1185 1585 1325 1647 vulgo
1344 1587 1573 1650 piurimos

174 1659 403 1718 habebat,
444 1661 489 1704 in
529 1676 675 1704 unum
705 1659 921 1721 jungeret
948 1670 1085 1722 atque
1111 1662 1380 1724 copularet,
1408 1681 1572 1711 omnes

173 1753 278 1781 suas
302 1745 422 1782 artes
450 1736 509 1781 ad
534 1736 874 1781 inachinandos
898 1737 1033 1783 dolos
1058 1749 1101 1783 et
1125 1739 1441 1802 proditiones,
1467 1741 1573 1803 qui-

174 1813 259 1858 bus
299 1814 540 1875 insigniter
575 1823 672 1859 erat
721 1824 859 1876 atque
907 1815 1155 1878 opulenter
1194 1817 1470 1873 instructus,
1514 1819 1571 1864 ad

173 1905 275 1936 earn
328 1907 422 1935 rem
472 1890 807 1954 perficiendam
850 1894 1098 1938 contraxit.
1144 1893 1356 1939 Habebat
1398 1896 1573 1959 quippe

171 1965 299 2028 apud
332 1966 498 2027 vulgus
536 1967 858 2028 anglicanum,
893 1985 1012 2030 quos
1043 1968 1131 2013 sibi
1165 1970 1299 2014 variis
1327 1973 1503 2016 astutiis
1529 1983 1574 2018 et

172 2043 519 2099 moliminibus,
567 2044 810 2089 onerando
859 2056 902 2090 et
939 2046 1228 2109 inculpando
1266 2048 1568 2107 Edoardum,

172 2130 491 2183 compararat,
532 2122 946 2184 quainplui·i1nos³.
976 2124 1198 2169 Similiter
1228 2126 1365 2171 etiam
1397 2137 1441 2171 et
1470 2127 1572 2172 vul-

170 2269 472 2307 recriminations
497 2283 570 2318 que
595 2269 857 2307 s'adressaient
883 2271 936 2307 les
957 2271 1056 2308 deux
1077 2273 1213 2322 partis„
1241 2282 1276 2310 et
1296 2275 1475 2312 conclure
1498 2288 1573 2325 que

170 2329 312 2366 chacun
327 2360 335 2376 ‚
362 2343 407 2366 cn
432 2330 607 2365 affectant
629 2330 674 2366 de
701 2344 738 2366 se
765 2330 860 2366 tenir
879 2333 898 2366 ἐι
920 2331 1052 2368 cheval
1071 2346 1135 2369 sur
1155 2333 1189 2369 le
1212 2333 1332 2378 droit,
1358 2347 1407 2371 ne
1430 2335 1574 2371 voulait

169 2397 277 2425 autre
295 2389 408 2425 chose
425 2402 498 2438 que
518 2388 700 2425 brouillcr
716 2389 749 2425 le
765 2390 845 2435 jeu,
866 2397 901 2424 et
919 2398 1074 2426 trouver
1092 2404 1141 2427 un
1155 2391 1252 2437 joint
1270 2406 1366 2441 pour
1383 2392 1573 2430 denoneer

171 2447 205 2484 la
233 2448 426 2483 mauvaise
452 2448 501 2483 soi
524 2448 570 2484 de
601 2461 667 2484 son
692 2447 919 2484 adversane.
950 2450 1003 2486 Cf.
1026 2451 1184 2499 Lenglet
1204 2453 1435 2502 Dusresnoy,
1461 2456 1572 2491 Com-

170 2511 306 2552 mines,
335 2515 360 2542 t.
392 2510 467 2551 111,
499 2521 536 2556 p.
572 2510 641 2554 793
672 2516 708 2544 et
732 2511 777 2546 D.
807 2508 1006 2554 Plancher,
1030 2512 1128 2548 Hc'se.
1157 2513 1203 2546 de
1227 2517 1464 2561 Bomgogue,
1492 2526 1569 2562 pr.,

172 2577 195 2603 t.
221 2568 283 2603 IV.
308 2580 345 2615 p.
370 2565 519 2602 cclxxx.

224 2629 261 2663 ’1.
294 2628 536 2661 Dz'sces.sl(mi.5
556 2625 648 2663 dans
668 2625 702 2663 le
723 2639 792 2663 ms.

223 2686 259 2721 2.
294 2686 417 2721 Plutot
437 2685 656 2734 faventibus:

225 2746 261 2781 3.
300 2746 591 2792 Quamplnrimis
615 2745 706 2780 dans
733 2745 765 2781 le
789 2758 856 2781 ms.
