1923 3020
704 251 848 286 LIBER
877 249 1145 286 SECUNDUS.
1553 250 1620 285 191

668 432 953 475 CAPITULU
963 430 1004 472 M
1046 431 1184 473 XXII.

297 552 348 584 De
370 550 494 584 iterato
511 552 661 584 tumultu
677 549 923 583 Leodiensium
942 559 973 583 ct
991 550 1124 595 origine
1140 550 1246 582 totius
1262 560 1331 582 suae
1347 549 1562 593 rebellionis,

604 611 635 636 ct
651 603 855 636 eorumdem
871 603 978 636 nimia
996 602 1214 635 contumacia
1226 603 1250 634 ¹.

291 724 410 767 Cum
430 737 541 766 vero
563 721 718 767 adhuc
740 722 830 768 illic
847 731 1000 767 essent
1023 722 1160 768 simul
1180 722 1354 785 praesati
1376 723 1627 785 principes,

227 809 271 845 et
305 799 353 844 in
387 799 615 844 conviviis
649 809 691 844 et
724 798 1071 856 festivitatibus,
1108 815 1195 862 pro
1230 799 1503 860 hujusmodi
1538 809 1632 845 tam

227 885 399 939 optatae
434 876 613 921 cunctis
647 875 925 922 mortalibus
960 876 1086 939 pacis
1118 876 1467 935 conciliatione,
1504 875 1633 921 laetos

227 954 538 1014 transigerent
559 962 696 1015 atque
717 953 943 998 (lucerent
973 952 1097 1011 dies,
1122 952 1317 1013 contigit
1339 953 1509 997 iterum
1530 953 1633 999 illos

227 1030 427 1075 stolidos
448 1029 692 1076 Eburones
710 1047 792 1075 seu
810 1029 1108 1083 Leodieuses,
1131 1028 1337 1091 quadam
1360 1030 1484 1074 velut
1505 1030 1634 1076 rabie

228 1106 275 1151 in
307 1107 379 1152 sui
410 1107 619 1170 ipsorum
648 1116 853 1152 armatos
881 1106 1097 1165 exitium,
1131 1122 1279 1151 novas
1304 1122 1376 1151 res
1401 1106 1631 1152 actitasse.

229 1184 347 1228 Nam
370 1183 479 1229 licet
503 1183 633 1229 urbis
658 1200 749 1229 sua*
775 1183 933 1228 Leodii
965 1183 1137 1228 moenia
1167 1192 1212 1228 et
1240 1192 1412 1239 turres,
1443 1192 1493 1227 ut
1515 1183 1636 1228 dixi—

230 1276 357 1318 mus,
402 1259 590 1322 dejecta?
633 1260 824 1306 fuissent
865 1275 1088 1322 armaque
1127 1259 1345 1304 universa
1379 1258 1555 1319 ablata,
1587 1269 1637 1305 ut

229 1335 302 1381 vel
344 1335 438 1382 hoc
476 1337 621 1382 modo
663 1337 798 1386 (cum
841 1336 952 1383 alias
995 1353 1148 1399 neque
1185 1352 1268 1400 per
1313 1347 1632 1395 sacramenta,

230 1429 386 1475 neque
429 1430 514 1476 per
556 1414 838 1459 muletarum
885 1413 1259 1476 appositionem,
1303 1429 1459 1476 neque
1497 1415 1638 1460 etiam

231 1490 477 1536 obsidibus
509 1490 651 1550 datis,
682 1490 727 1535 id
755 1490 876 1536 effici
901 1491 1160 1553 quivisset),
1194 1499 1242 1536 ut
1265 1490 1325 1535 ad
1356 1491 1562 1553 quietem
1593 1502 1638 1538 et

231 1569 381 1615 otium
407 1570 452 1614 in
479 1586 594 1632 pace
628 1569 864 1630 agendum
901 1569 1253 1630 stringerentur,
1283 1568 1454 1614 domus
1480 1579 1637 1616 tamen

232 1664 348 1703 suae,
385 1664 493 1692 cum
529 1647 713 1710 praediis
747 1657 888 1710 atque
922 1645 1177 1692 mobilibus
1208 1646 1370 1705 bonis,
1408 1647 1473 1692 eis
1505 1647 1639 1694 salvae

232 1723 433 1770 dimissae
458 1723 658 1770 fuerant.
688 1724 1038 1770 Tantummodo
1071 1723 1254 1771 sublata
1283 1725 1348 1770 eis
1376 1741 1506 1770 arma
1536 1725 1638 1770 fue-

233 1810 352 1845 rant.
397 1800 578 1856 Quibus
615 1803 794 1846 autem²
828 1801 1061 1847 moenibus
1111 1800 1167 1847 ad
1206 1817 1339 1847 suam
1384 1801 1639 1864 patriaeque

234 1876 427 1921 tutelam
452 1878 516 1922 eis
541 1878 735 1923 minime
760 1894 879 1941 opus
902 1888 1028 1934 erat,
1055 1878 1092 1923 si
1123 1878 1168 1922 in
1201 1893 1316 1940 pace
1343 1888 1386 1922 et
1411 1876 1638 1940 tranquil-

233 1951 359 1998 litate
384 1953 638 2015 perdurare
658 1953 929 1999 voluissent.
955 1954 1072 1999 Satis
1094 1953 1218 1998 enim
1244 1970 1330 2015 pro
1358 1953 1636 2013 munimine,

236 2030 406 2086 muris,
435 2030 557 2075 vallo
584 2040 724 2093 atque
749 2031 888 2076 armis
913 2048 1012 2076 esse
1042 2032 1106 2075 eis
1130 2039 1339 2093 poterat,
1369 2031 1404 2075 si
1430 2029 1570 2075 fidem
1596 2040 1641 2076 et

235 2106 488 2152 amicitiam
522 2124 629 2152 cum
666 2107 1052 2168 Burgundionum
1089 2106 1384 2171 principibus
1419 2106 1640 2153 observa-

235 2192 362 2242 rent,
382 2200 586 2246 quorum
603 2184 735 2228 terris
750 2193 889 2246 atque
904 2183 1125 2228 dominiis
1139 2183 1434 2246 amplissimis
1447 2183 1642 2229 circum-

236 2260 355 2322 septi
390 2270 523 2306 erant
558 2270 601 2305 et
638 2260 824 2318 vallati3
864 2260 946 2322 qui
984 2259 1112 2305 nulla
1146 2276 1227 2305 eos
1265 2260 1439 2323 quippe
1472 2261 1641 2323 injuria

236 2333 572 2395 lacessierant³,
597 2337 678 2383 sed
696 2353 864 2383 eorum
885 2337 1011 2401 pacis
1028 2346 1074 2382 et
1090 2336 1440 2399 tranquillitatis
1464 2347 1642 2384 tutores

292 2493 327 2526 1.
360 2489 536 2540 Chapitre
556 2490 685 2541 public¹
708 2491 800 2528 dans
817 2489 1085 2540 l'Amplt'ssz'mcz
1112 2493 1289 2539 collectio,
1313 2499 1338 2529 t.
1366 2493 1430 2538 IV,
1452 2492 1524 2530 col.
1550 2495 1639 2531 753.

291 2550 327 2586 2.
361 2553 438 2586 Aut
457 2552 567 2586 etiam
589 2550 682 2588 dans
701 2550 736 2587 le
757 2563 826 2587 ms.

293 2609 330 2647 3.
363 2608 576 2659 Singulicre
606 2609 833 2659 prevention
868 2608 913 2646 de
944 2608 1120 2647 l’auteur.
1156 2612 1208 2647 Le
1236 2610 1309 2648 due
1337 2611 1383 2649 de
1415 2617 1643 2664 Bourgogne

238 2666 384 2704 voulait
403 2667 512 2704 avoir
529 2681 580 2705 un
600 2667 705 2705 bailli
726 2671 745 2705 a
768 2668 897 2719 Liege‚
914 2676 951 2706 et
970 2667 1034 2719 n’y
1055 2669 1210 2707 souffrir
1232 2683 1331 2720 pour
1356 2671 1504 2721 echue
1524 2673 1643 2721 qu'un

239 2725 390 2763 homme
410 2726 456 2763 de
476 2739 545 2764 son
564 2726 691 2764 choix.
