1923 3020
771 287 915 322 LIBER
945 285 1140 322 PRIMUS.
1608 284 1657 318 85

259 374 317 420 ad
339 375 531 438 propria
552 373 884 432 remeantibus,
907 390 1004 418 non
1024 374 1175 419 multo
1195 382 1303 436 post
1321 382 1551 435 tempore,
1579 388 1658 418 rex

259 452 418 497 animo
436 468 520 497 suo
533 452 670 496 variis
687 451 944 513 exagitatus
958 451 1080 496 curis
1096 460 1139 496 et
1159 449 1582 514 phantasmatibus,
1598 450 1657 496 ad

260 528 474 573 visendas
502 538 646 573 terras
670 545 774 573 suas
803 527 1048 584 Picardiae,
1083 544 1198 590 quas
1227 526 1515 585 redemerat,
1547 543 1658 590 pro-

260 604 405 649 fectus
429 606 534 661 est¹3
559 614 603 649 et
623 605 815 649 visitans
834 603 1088 649 Ambianos
1112 614 1156 649 et
1181 602 1607 660 Abbatisvillenses,
1631 619 1654 649 a

260 679 439 725 civibus
471 689 516 725 et
546 681 731 743 populis
760 680 996 737 locorum,
1029 681 1111 742 qui
1142 696 1224 742 per
1254 680 1481 742 plurimos
1508 696 1659 726 annos

261 772 414 818 regem
452 759 740 801 Francorum
771 756 953 801 nullum
988 757 1033 800 in
1067 756 1162 801 suis
1197 755 1383 818 oppidis
1421 756 1656 815 viderant,

260 849 369 878 cum
396 835 574 894 magnis
597 834 831 879 alacritate
854 843 897 878 et
919 832 1105 878 honore
1130 842 1198 877 est
1221 843 1457 896 exceptus.

329 912 362 953 V
368 909 536 955 isitavit
552 919 595 955 et
613 911 967 966 Tornacenses2,
992 909 1071 970 qui
1093 925 1201 954 eum
1223 909 1401 970 magnis
1422 909 1662 954 donarunt

261 986 564 1044 muneribus;
610 986 691 1031 sed
735 985 888 1048 (quod
929 1001 1024 1030 non
1065 1001 1233 1047 parum
1275 1001 1392 1046 aegre
1428 985 1658 1044 tulerunt,

259 1078 422 1107 verum
449 1064 514 1108 eis
540 1063 712 1108 durum
742 1062 1087 1123 molestumque
1118 1061 1229 1121 fuit)
1260 1060 1384 1106 hanc
1412 1063 1477 1107 eis
1507 1063 1662 1124 gratiae

260 1149 304 1184 et
323 1138 538 1185 beneficii
558 1139 774 1203 rependit
796 1138 1178 1194 vicissitudinem,
1201 1137 1332 1200 quod
1357 1139 1553 1197 exsules,
1582 1140 1663 1201 qui

260 1233 346 1279 pro
370 1218 508 1262 variis
530 1217 795 1262 homicidiis
821 1225 865 1261 et
889 1214 1163 1260 criminibus
1187 1215 1374 1260 civitate
1397 1215 1516 1278 pulsi
1541 1233 1662 1279 pro-

259 1293 513 1356 scriptique
550 1294 800 1356 justissime
841 1293 1047 1349 fuerant,
1087 1307 1229 1355 supra
1266 1292 1658 1355 quadringentos,

259 1369 431 1414 civitati
451 1370 662 1415 restituit.
688 1372 903 1425 Quorum
924 1368 1076 1414 reditu
1098 1369 1260 1430 utique
1283 1385 1381 1414 non
1404 1370 1450 1414 in
1475 1369 1658 1426 melius,

259 1445 340 1491 sed
372 1447 418 1490 in
441 1446 643 1491 deterius
666 1446 831 1491 eadem
854 1445 1012 1490 civitas
1032 1455 1211 1492 mutata
1230 1456 1314 1502 est,
1339 1455 1409 1491 tot
1428 1447 1661 1494 sceleratis

260 1532 304 1567 et
329 1523 546 1584 inquietis
568 1523 726 1568 farcita
748 1522 1027 1568 criminosis.

324 1599 536 1643 Visitavit
566 1599 707 1644 etiam
737 1608 781 1643 et
806 1598 936 1643 illum
967 1598 1192 1643 illustrem
1218 1597 1510 1662 Philippum,
1548 1603 1662 1645 Bur-

261 1673 555 1733 gundionum
579 1674 771 1730 ducem,
800 1674 847 1718 in
875 1690 959 1719 suo
986 1673 1165 1737 oppido
1188 1674 1248 1719 de
1275 1674 1551 1733 Hesdinclffi,
1579 1676 1662 1738 qui

260 1751 306 1794 iu
333 1751 430 1812 ejus
454 1767 559 1795 arce
582 1750 668 1795 sibi
694 1750 903 1813 praebens
927 1750 1181 1813 hospitium
1209 1751 1334 1813 (quae
1355 1751 1663 1813 magnificen-

260 1827 434 1872 tissime
457 1829 747 1872 constructal
763 1837 807 1872 et
830 1827 1090 1872 necessario
1111 1827 1426 1873 instrumento
1443 1844 1498 1873 ac
1511 1829 1665 1889 supel-

260 1903 409 1948 lectile
432 1903 765 1966 pretiosissima
787 1902 846 1948 ab
872 1903 1093 1949 omnibus
1119 1920 1217 1949 esse
1243 1905 1469 1950 instructa
1500 1905 1664 1968 perhi-

260 1979 501 2041 bebatur),
544 1996 652 2025 eum
690 1979 1065 2042 splendidissime
1104 1981 1400 2044 procuravit,
1436 1983 1663 2044 permissa

315 2173 350 2208 1.
383 2173 537 2208 Erreur.
569 2174 621 2207 Le
642 2170 697 2206 roi
719 2170 758 2206 fit
777 2170 877 2207 deux
895 2182 1060 2220 voyages
1083 2183 1131 2206 en
1163 2169 1334 2207 Picardie
1351 2201 1358 2215 ,
1382 2169 1462 2207 l’un
1486 2180 1601 2208 avant
1630 2172 1664 2210 le

261 2230 388 2267 rachat
405 2259 414 2276 ,
436 2243 482 2267 en
504 2232 603 2266 1463
619 2260 627 2275 ,
652 2228 806 2276 l’autre,
827 2229 892 2278 qui
918 2236 972 2264 est
1002 2228 1098 2265 celui
1123 2228 1215 2265 dont
1234 2229 1397 2266 l’autcur
1421 2238 1513 2267 veut
1536 2232 1664 2281 parler

260 2289 327 2333 ici,
350 2289 443 2326 dans
461 2288 548 2325 Pete
568 2288 615 2324 de
636 2289 752 2324 1464.

313 2349 350 2386 2.
382 2352 433 2384 Le
453 2360 599 2397 voyage
627 2346 677 2382 du
701 2346 756 2381 roi
783 2348 802 2382 {1
824 2349 1000 2395 Tournay
1022 2354 1077 2383 est
1099 2346 1148 2382 du
1173 2345 1270 2383 mois
1300 2346 1347 2383 de
1373 2347 1512 2385 sevrier
1541 2351 1643 2386 1464

316 2409 349 2442 3.
383 2410 411 2442 Α
438 2405 604 2451 Headui,
630 2417 675 2441 en
696 2404 835 2440 Artois.
863 2408 913 2440 Le
942 2405 999 2440 roi
1024 2419 1048 2453 y
1068 2405 1140 2441 alla
1165 2418 1212 2442 en
1239 2408 1339 2442 1463
1361 2415 1397 2443 et
1421 2420 1467 2443 en
1490 2410 1606 2447 1464.
1631 2407 1662 2444 Il

261 2466 368 2515 s'agit
386 2465 433 2501 ici
455 2465 501 2502 de
521 2465 557 2501 la
578 2464 752 2500 derniere
772 2464 881 2501 visite
905 2464 1143 2511 (juin-juillet
1165 2467 1302 2512 1464).

314 2525 350 2559 4.
381 2541 396 2556 «
425 2524 564 2573 Lequel
593 2523 731 2559 chastel
750 2552 758 2568 ,
787 2536 933 2560 comme
963 2537 1011 2560 on
1040 2523 1172 2571 disoit,
1194 2524 1305 2561 estoit
1335 2525 1370 2561 le
1390 2524 1475 2575 plus
1502 2526 1598 2570 fort,
1628 2524 1662 2562 le

261 2583 345 2633 plus
369 2582 465 2619 beau
498 2590 534 2618 et
562 2582 596 2618 le
627 2581 710 2631 plus
739 2590 966 2632 somptueux
983 2583 1123 2619 chastel
1149 2583 1195 2619 de
1216 2585 1360 2620 France
1378 2614 1387 2630 ‚
1413 2592 1448 2620 et
1469 2597 1491 2632 y
1511 2582 1664 2619 avoient

261 2641 347 2676 faict
373 2640 464 2676 faire
486 2641 521 2676 le
543 2639 615 2676 duc
634 2640 753 2676 Jehan
775 2640 820 2677 de
841 2644 1067 2693 Bourgogne
1087 2651 1123 2680 et
1150 2642 1243 2680 ledit
1262 2642 1334 2680 duc
1353 2642 1546 2692 Philippes
1562 2670 1571 2687 ‚
1593 2655 1662 2679 son

260 2699 337 2745 fils,
356 2698 475 2736 moult
492 2699 732 2749 d'ouvraiges
755 2708 790 2737 et
809 2714 954 2737 comme
974 2709 1056 2738 tout
1074 2703 1187 2749 neuf,
1211 2702 1256 2739 de
1276 2702 1366 2739 fond
1387 2714 1433 2738 en
1453 2700 1614 2739 comble.
1641 2719 1657 2733 υ

259 2761 420 2807 Jacques
441 2757 647 2807 Duclercq,
668 2760 882 2807 Me'moires,
902 2759 928 2796 l.
948 2762 990 2806 V,
1008 2774 1040 2798 c.
1061 2774 1104 2798 11.
