1923 3020
703 234 841 269 LIBER
863 232 1064 268 TERTIUS
1071 259 1079 267 .
1515 233 1536 267 2
1543 235 1562 268 7
1569 235 1589 269 3

162 363 165 366 ,
196 330 265 364 tra
285 320 497 365 omnium
517 320 783 365 mortalium
801 320 1074 383 opinionem
1098 329 1213 378 erat,
1236 318 1432 377 utillud,
1457 320 1589 381 quod

196 393 281 439 sibi
310 396 558 455 contigisse
589 395 824 453 videmus,
855 395 1085 441 ullatenus
1115 412 1198 458 per
1225 411 1333 440 eum
1357 395 1518 458 perfici
1546 405 1591 440 ct

197 470 443 532 adimpleri
462 482 635 533 posset.
655 473 744 518 Sed
768 473 993 535 profecto,
1009 471 1413 535 quemadmodum
1436 492 1456 515 «
1476 473 1592 518 nihil

196 546 351 590 invitis
375 546 440 591 sas
464 564 751 610 quemquam
776 548 919 593 fidere
936 548 1072 606 divis,
1095 568 1116 589 ))
1145 549 1207 594 ita
1228 549 1412 594 volente
1430 552 1527 594 Deo
1549 559 1593 594 et

195 621 294 682 ejus
325 621 604 685 disponente
637 625 934 687 providentia
966 625 1034 685 (in
1069 625 1201 685 cujus
1233 641 1379 670 manu
1408 636 1517 671 sunt
1549 635 1594 671 et

195 699 391 761 imperia
421 699 697 761 hominnm,
727 712 794 760 et,
827 702 902 746 cui
933 701 1158 760 voluerit,
1186 702 1257 746 vel
1283 703 1383 761 dat,
1412 702 1484 747 vel
1510 718 1593 747 au-

197 776 283 821 fert
313 786 393 821 aut
422 789 682 840 permutat,
715 789 795 824 aut
825 778 1040 824 transfert
1068 794 1120 823 ea
1155 780 1416 824 secundum
1442 780 1594 824 consi-

193 853 309 898 lium
330 853 559 900 altissimae
579 865 624 900 et
650 855 960 901 inscrutabilis
987 855 1221 917 sapientire
1244 872 1335 901 suae
1359 866 1403 901 et
1428 872 1594 901 secun-

195 928 310 973 dum
331 928 551 991 abyssum
571 931 1080 993 suorumjudiciorum7
1103 946 1205 992 quae
1221 947 1404 994 semper
1419 933 1596 995 absque

198 1004 292 1050 ulla
315 1005 608 1053 dubitatione
635 1008 760 1069 justa
788 1016 920 1065 sunt,
954 1006 1060 1052 licet
1088 1006 1365 1052 mortalibus
1394 1008 1596 1071 plerum-

195 1098 286 1143 que
325 1082 614 1145 incognita)‚
655 1083 769 1128 nihil
804 1081 1091 1146 impossibile
1124 1092 1203 1127 aut
1241 1083 1302 1128 ad
1336 1093 1594 1130 extremuni

196 1155 381 1201 difficile
405 1158 654 1204 invenitur.

651 1375 988 1419 CAPITULUM
1022 1374 1140 1418 XIV.
1183 1377 1187 1380 ’

268 1510 425 1553 Qualiter
443 1518 569 1556 treugae
586 1509 682 1543 factae
698 1509 840 1542 fuerunt
854 1509 945 1541 inter
959 1520 1074 1553 regem
1094 1517 1126 1541 et
1146 1507 1270 1542 ducem
1293 1509 1505 1554 Burgundiae
1515 1536 1525 1552 ‚

596 1572 628 1596 et
648 1563 760 1597 soluta
778 1561 916 1596 obsidio
933 1561 1187 1596 Ambianensis.

262 1693 352 1738 Sed
387 1693 505 1738 forte
539 1692 783 1740 mirabitur
813 1693 1045 1756 quispiam
1075 1709 1175 1752 cur,
1207 1709 1314 1738 cum
1346 1710 1417 1739 res
1447 1706 1595 1756 gestas

200 1770 446 1829 Ludovici,
474 1773 761 1816 Francorum
784 1770 927 1830 regis,
952 1770 1207 1815 narrandas
1228 1772 1591 1834 susceperimus,

196 1863 268 1892 res
301 1847 557 1910 Anglorum
591 1857 686 1893 tam
727 1847 867 1908 longa
897 1847 1129 1892 historicae
1164 1847 1442 1893 narrationis
1479 1851 1596 1896 serie

197 1923 420 1969 fuerimus
438 1925 689 1987 prosecuti.
710 1926 885 1969 Verum
909 1925 946 1969 si
972 1940 1051 1981 ea,
1076 1940 1180 1986 quae
1200 1924 1297 1985 jam
1325 1925 1590 1986 retulimus,

198 2010 352 2045 mente
376 2010 640 2060 teneantur,
670 2014 779 2045 cum
804 2000 877 2045 his
901 2016 1003 2062 quae
1027 2016 1187 2045 sumus
1211 2000 1365 2046 adhuc
1388 2001 1436 2046 in
1459 2012 1595 2049 antea

196 2078 402 2135 relaturi,
423 2077 863 2123 convenientissime
883 2076 1022 2121 rebus
1039 2093 1122 2139 per
1145 2077 1435 2124 Ludovicum
1458 2082 1596 2141 gestis

199 2153 247 2199 hi
266 2155 495 2218 anglicani
520 2154 744 2200 tumultus
767 2153 922 2198 civiles
940 2155 1264 2199 contentiones
1280 2155 1439 2200 inserti
1457 2157 1596 2203 fuisse

199 2230 483 2276 videbuntur
508 2249 517 2275 ·.
546 2246 657 2276 nam
684 2229 743 2276 ab
765 2246 821 2275 eo
842 2230 1080 2293 ipsiusque
1104 2230 1428 2277 molitionibus
1451 2233 1595 2280 foede-

200 2321 343 2368 reque
374 2324 400 2353 a
429 2324 476 2352 se
495 2322 714 2369 percusso
744 2322 850 2351 cum
873 2306 1084 2370 principe
1108 2307 1285 2352 Walliae
1312 2317 1357 2352 et
1385 2325 1470 2354 suo
1498 2310 1594 2355 fido

198 2384 376 2443 amico,
407 2385 576 2430 comite
610 2384 668 2430 de
694 2383 951 2442 Wamel21,
979 2384 1140 2430 omnia
1158 2384 1432 2447 hujusmodi
1455 2387 1596 2433 infor-

199 2462 329 2507 tunia
351 2462 557 2525 profecta
575 2471 696 2506 sunt.
721 2460 856 2506 Unde
873 2461 1124 2519 exstincto,
1146 2470 1196 2506 ut
1218 2461 1443 2521 diximus,
1464 2465 1594 2526 prin-

197 2540 299 2601 cipe
339 2539 515 2585 Walliae
532 2577 543 2599 ‚
583 2539 630 2583 in
671 2538 768 2600 ejus
805 2537 1004 2584 archivis
1043 2554 1125 2584 seu
1170 2539 1383 2585 scrinulis
1434 2540 1594 2587 litterae

255 2701 288 2735 1.
321 2697 537 2742 Ci-dessus‚
564 2710 601 2745 p.
627 2697 699 2732 227
726 2705 760 2732 et
784 2696 882 2734 suiv.

407 2780 441 2801 ιι
1342 2771 1385 2806 l8
