1923 3020
747 270 889 305 LIBER
919 268 1113 303 PRIMUS.
1579 267 1626 300 55

241 360 379 404 vitate
401 359 472 403 sui
494 357 743 415 adventus,
770 355 1017 410 Ludovici,
1039 357 1328 399 Francorum
1354 353 1486 414 regis,
1513 351 1635 397 fama

240 435 347 480 satis
378 433 572 480 celebris
607 432 734 495 apud
763 432 988 495 plurimos
1029 440 1348 493 percurreret,
1384 429 1464 492 qui
1494 427 1634 474 fidem

242 527 493 573 moresque
539 527 647 555 suos
690 508 903 554 nondum
947 508 1054 553 satis
1097 516 1366 570 compertos
1410 504 1636 551 habebat¹

241 587 365 633 idem
394 602 472 630 rex
494 588 714 641 Joannes,
741 594 789 629 ut
805 583 897 628 sibi
924 582 1201 628 rebellantes
1223 581 1472 628 Catalanos
1495 585 1636 627 Fran-

241 679 407 709 corum
432 662 571 707 armis
594 672 732 722 atque
756 659 934 705 viribus
966 669 1122 721 posset
1145 675 1362 705 coercere
1397 667 1465 717 et,
1500 674 1637 721 repu-

242 748 436 802 gnantes
479 738 584 782 licet
625 774 635 794 ,
685 737 745 782 ad
788 736 875 782 sibi
923 735 1186 798 parendum
1225 745 1271 780 et
1319 733 1640 780 obediendum

244 831 492 873 revocare,
535 814 759 859 amicitias
796 823 841 858 et
876 812 1047 858 foedera
1083 828 1191 856 cum
1225 815 1510 858 Francorum
1534 827 1640 873 rege

248 891 486 937 Ludovico
510 890 604 934 hoc
629 890 774 935 modo
800 888 1030 934 contraxit
1051 905 1059 931 :

309 966 451 1023 Quod
486 966 696 1012 videlicet
735 965 860 1010 idem
894 968 1184 1009 Francorum
1221 980 1302 1009 rex
1338 962 1643 1026 promittebat

247 1044 614 1089 Barcinonenses
635 1043 844 1103 aliosque
870 1039 1062 1086 rebelles
1087 1039 1288 1102 propriis
1313 1039 1576 1102 sumptibus
1598 1048 1643 1085 et

246 1122 471 1169 militibus
505 1123 598 1167 suis
627 1122 686 1168 ad
721 1122 863 1184 ipsius
898 1119 1218 1166 obedientiam
1245 1117 1495 1177 reducere,
1533 1128 1578 1164 et
1600 1119 1642 1163 ei

246 1209 461 1263 parentes
486 1208 624 1260 atque
661 1197 934 1243 obedientes
959 1195 1158 1242 efficere.
1200 1198 1287 1240 Pro
1316 1211 1411 1258 qua
1434 1211 1483 1240 re
1504 1195 1643 1258 perfi-

246 1275 414 1321 cienda
444 1286 489 1321 et
517 1274 786 1320 necessariis
811 1272 1032 1336 impensis
1059 1271 1371 1334 perferendis,
1411 1271 1645 1334 pollicitus

247 1361 314 1397 est
342 1369 422 1396 rex
447 1355 715 1413 Aragonum
740 1366 787 1395 se
812 1349 1030 1394 daturum
1049 1349 1091 1394 ei
1114 1348 1318 1394 ducenta
1338 1347 1481 1394 millia
1505 1347 1645 1394 flore-

249 1445 419 1473 norum
449 1428 508 1474 de
543 1427 802 1489 Aragonia3
844 1436 889 1472 et
925 1435 974 1470 ut
1010 1425 1068 1471 de
1103 1440 1285 1471 summa
1316 1425 1645 1488 hujuscemodi

250 1505 423 1551 idoneo
448 1508 734 1551 Francorum
760 1503 854 1565 regi
876 1512 1067 1548 cautum
1090 1501 1238 1559 fieret,
1266 1502 1484 1565 promisit
1504 1503 1644 1548 etiam

249 1581 335 1627 sibi
382 1581 565 1628 tradere
612 1596 775 1626 omnes
820 1578 1030 1624 redditus
1065 1588 1109 1623 et
1142 1588 1401 1642 proventus
1438 1578 1642 1624 duorum

249 1658 573 1710 comitatuum,
599 1656 871 1702 Rossilionis
889 1655 1062 1700 scilicet
1084 1664 1128 1700 et
1146 1654 1425 1714 Ceritaniae²,
1447 1671 1531 1718 per
1552 1659 1647 1700 ma'-

252 1751 338 1779 nus
374 1750 569 1779 suorum
595 1742 891 1795 receptorum
921 1732 1198 1794 quotannis,
1227 1747 1376 1793 usque
1413 1730 1473 1776 ad
1514 1730 1648 1776 dieta*

252 1812 438 1872 integrae
458 1826 649 1855 summae
668 1808 969 1865 solutionem,
985 1807 1208 1853 levandos
1229 1817 1274 1853 et
1291 1806 1645 1870 percipiendos;

251 1886 573 1948 consignando
596 1886 734 1931 etiam
763 1894 807 1930 et
830 1884 1153 1930 contradendo
1190 1885 1245 1929 in·
1273 1883 1366 1929 suis
1398 1882 1615 1928 manibus
1635 1919 1647 1941 ,

253 1965 351 2009 vice
377 1964 609 2027 pignoris,
636 1961 978 2026 possessionem
1002 1971 1044 2006 et
1065 1961 1281 2006 saisinam
1308 1960 1447 2005 trium
1473 1959 1649 2004 arcium

308 2104 321 2137 *l
338 2131 343 2136 .
376 2104 427 2138 Le
447 2100 504 2137 roi
525 2099 715 2150 d'Aragon
735 2111 782 2135 ne
801 2097 957 2148 pouvait
970 2110 1036 2147 pas
1049 2096 1157 2134 avoir
1171 2095 1363 2132 d'illusion
1376 2108 1440 2132 sur
1454 2094 1488 2131 le
1504 2103 1652 2144 compte

253 2160 299 2197 de
318 2160 432 2197 Louis
452 2162 529 2204 XI,
557 2172 620 2196 car
639 2172 684 2196 en
709 2160 808 2193 1459
834 2157 856 2193 il
885 2157 986 2193 avait
1015 2156 1079 2192 sait
1103 2169 1154 2192 un
1176 2155 1283 2192 traite
1302 2167 1394 2192 avec
1413 2153 1567 2191 Charles
1585 2156 1653 2191 VII

255 2232 350 2269 pour
370 2218 503 2255 l'aider
528 2220 548 2254 a
569 2217 712 2254 chatier
736 2230 777 2252 ce
798 2216 854 2252 fils
879 2215 1043 2260 rebelle,
1067 2223 1103 2251 et
1127 2214 1173 2251 de
1193 2214 1296 2264 plus,
1320 2221 1434 2262 ayant
1451 2212 1614 2250 cherche
1634 2218 1651 2249 a

255 2279 348 2316 faire
376 2277 526 2315 oublier
552 2285 647 2314 cette
668 2275 869 2312 deniarclie
894 2275 1046 2322 lorsque
1069 2273 1202 2310 l’autre
1226 2273 1281 2309 fut
1311 2273 1388 2316 roi,
1418 2271 1443 2308 il
1472 2271 1573 2308 avait
1603 2285 1653 2308 vu

254 2336 367 2373 Louis
394 2339 449 2372 XI
464 2367 472 2383 ,
501 2335 812 2372 non-seulement
833 2345 1033 2382 repousser
1052 2344 1109 2368 ses
1129 2339 1375 2376 ouvertures‚
1397 2330 1492 2366 mais
1520 2343 1656 2366 encore

255 2395 362 2430 offrir
381 2408 420 2430 sa
444 2394 652 2444 protection
675 2405 750 2429 aux
782 2391 890 2427 villes
917 2390 963 2426 dc
992 2389 1208 2440 Catalogne.
1234 2388 1332 2426 C'est
1360 2401 1472 2438 parce
1500 2401 1574 2438 que
1603 2388 1656 2425 les

255 2453 363 2489 villes
383 2465 429 2489 ne
453 2453 658 2489 voulurent
685 2464 749 2500 pas
774 2450 903 2486 laisser
926 2448 1128 2497 l’c'tranger
1151 2461 1190 2484 se
1213 2456 1348 2484 mettre
1373 2455 1479 2484 entre
1504 2447 1594 2484 elles
1622 2455 1657 2481 et

255 2511 338 2548 leur
357 2512 558 2548 souverain
572 2542 580 2558 ,
610 2524 682 2559 que
710 2509 784 2545 don
808 2511 926 2552 Juan,
949 2520 1017 2557 par
1039 2520 1088 2543 un
1109 2506 1262 2543 marche
1283 2508 1333 2543 οὺ
1353 2506 1377 2543 il
1402 2506 1545 2556 croyait
1565 2505 1656 2555 qu’il

256 2570 430 2620 duperait
450 2571 483 2606 le
501 2570 557 2606 roi
577 2570 622 2605 dc
644 2571 807 2613 ance,
830 2567 869 2604 fit
891 2575 1045 2603 tourner
1064 2566 1220 2603 celui-ci
1241 2565 1287 2603 de
1307 2579 1374 2603 son
1395 2567 1491 2603 cote.
1513 2565 1656 2612 Curua,

256 2632 394 2665 Anales
426 2631 472 2663 (le
504 2632 539 2664 la
570 2641 701 2663 corona
730 2629 776 2662 de
809 2630 977 2675 Aragmz,
1016 2624 1041 2663 l.
1075 2627 1185 2671 XVI,
1216 2639 1250 2664 c.
1282 2639 1366 2671 LVI,
1399 2632 1434 2661 et
1468 2624 1492 2661 l.
1526 2625 1655 2670 XVII,

257 2701 291 2725 c.
320 2701 425 2724 xxix.

310 2747 348 2782 2.
379 2749 449 2784 Les
469 2746 610 2783 comtes
631 2744 676 2782 de
701 2744 916 2783 Roussillon
937 2751 973 2780 et
990 2743 1037 2780 de
1056 2741 1266 2793 Cerdagne.
