1923 3020
263 297 338 331 404
625 287 958 326 HISTORIARUM
989 283 1220 320 LUDOVICI
1249 284 1303 317 XI

267 393 310 428 et
331 382 429 444 ejus
454 377 616 423 melius
633 387 678 418 et
699 373 854 418 sanius
870 370 1175 416 informatum
1193 368 1442 413 consilium
1465 369 1665 431 appella-

268 467 397 514 runt3
434 470 486 499 ac
522 467 605 515 per
635 450 729 495 hoc
767 465 814 493 se
838 457 1064 503 tutantes,
1103 446 1150 491 in
1185 444 1351 490 effectu
1388 444 1504 490 nihil
1544 444 1663 490 ultra

266 542 456 599 perante
479 544 701 575 concessa
726 526 1071 590 dependerunt.

329 608 419 653 Sed
446 623 553 652 cum
586 605 647 650 ad
678 604 848 649 ducem
872 600 1200 664 hujuscemodi
1227 600 1551 664 appellationis
1584 614 1669 645 no—

264 687 362 730 titia
387 682 689 747 pervenisset,
721 681 818 743 {pse
842 680 889 724 in
909 679 1160 724 amentiam
1181 694 1312 741 paene
1333 693 1508 733 versus,
1534 676 1670 721 mira-

264 761 379 806 biles
399 769 700 822 sumpturum
717 774 764 801 se
782 766 1031 820 propterea
1053 755 1280 800 vindictas
1298 753 1588 811 minabatur3
1610 752 1672 797 ita

266 849 314 883 ut
335 837 570 900 scripsisse
597 832 970 878 Bruxellensibus
995 832 1226 876 diceretur
1257 830 1322 891 (in
1351 845 1553 891 quorum
1585 845 1670 890 op-

265 914 377 978 pido
414 909 744 973 hujuscemodi
782 918 1044 954 conventus
1078 910 1291 952 Statuum
1329 906 1488 968 patriae
1526 905 1673 950 suerat

265 989 525 1036 celebratus
539 988 591 1050 ¹),
610 986 801 1032 eosdem
817 985 1082 1049 proditores
1096 1000 1148 1029 ac
1163 982 1355 1028 rebelles
1370 981 1670 1044 appellando,

266 1066 397 1129 quod
427 1081 594 1111 eorum
626 1064 768 1108 etiam
803 1062 975 1107 moenia
1010 1071 1053 1105 et
1083 1070 1241 1124 portas
1277 1059 1496 1120 dejiceret
1533 1068 1673 1119 atque

268 1142 492 1187 dirueret,
527 1143 661 1185 Anno
697 1138 934 1199 siquidem
969 1137 1231 1199 superiore,
1259 1150 1367 1179 cum
1400 1133 1461 1177 ad
1497 1133 1675 1179 bellum

270 1218 555 1264 Suitensium
597 1215 892 1279 profecturus
932 1223 1073 1268 esset,
1121 1210 1324 1256 statibus
1367 1208 1594 1254 Flandriae
1633 1219 1678 1255 et

270 1297 468 1342 aliarum
503 1304 761 1349 terrarum,
791 1307 894 1352 quae
927 1288 1150 1353 poscebat
1180 1288 1239 1334 al)
1273 1287 1337 1332 eis
1361 1286 1531 1332 auxilia
1564 1301 1679 1349 prae—

271 1384 392 1419 stare
430 1389 525 1417 non
567 1386 703 1434 posse
742 1386 789 1414 se
828 1366 1183 1425 excusantibus,
1228 1365 1382 1429 palam
1421 1365 1600 1410 dixerat
1635 1373 1680 1409 et

271 1449 590 1495 comminatus
629 1456 726 1491 erat
769 1446 817 1490 in
858 1455 996 1490 antea
1036 1460 1132 1488 non
1168 1443 1556 1506 deprecaturum,
1599 1440 1680 1486 sed

272 1526 604 1589 imperativum
646 1539 744 1567 sese
777 1522 1040 1584 principem
1078 1510 1417 1578 exhibiturum3
1459 1518 1541 1581 qui
1584 1534 1681 1562 non

275 1620 464 1650 necesse
502 1601 699 1647 haberet
735 1598 1034 1643 subditorum
1079 1596 1330 1659 implorare
1373 1611 1586 1641 assensus
1622 1594 1682 1640 ad

277 1680 552 1726 collationes
591 1687 635 1722 et
676 1676 859 1721 servitia
894 1674 981 1720 sibi
1017 1673 1251 1730 facienda,
1291 1672 1401 1731 sed,
1447 1687 1529 1735 pro
1567 1682 1684 1716 nutu

278 1775 389 1814 suo,
417 1773 519 1818 quae
549 1766 594 1800 et
619 1753 774 1817 qualia
802 1752 961 1808 vellet,
991 1752 1255 1814 imponeret
1288 1760 1427 1812 atque
1451 1750 1681 1811 exigerem

280 1833 545 1897 oppidanos
584 1840 629 1876 et
660 1829 844 1876 accolas
882 1828 1066 1873 illarum
1108 1837 1335 1872 terrarum
1381 1826 1687 1872 mutinatores

281 1909 546 1974 appellans,
573 1918 618 1953 et
641 1907 742 1953 aliis
767 1906 904 1951 variis
932 1904 1116 1968 probris
1136 1915 1275 1966 atque
1296 1903 1591 1949 contumeliis
1615 1904 1687 1948 in-

283 1987 520 2033 sectatus?
540 1987 645 2041 Qua
668 2000 765 2029 non
791 1983 850 2028 ad
876 1981 1228 2027 conciliandum
1252 1991 1297 2026 et
1322 1980 1380 2026 ad
1404 1979 1688 2026 benevolen-

284 2064 395 2109 tiam
420 2061 704 2107 ssectendum
729 2058 1091 2123 provincialium
1115 2058 1298 2102 animos
1314 2094 1324 2114 ,
1345 2056 1426 2102 sed
1451 2056 1510 2101 ad
1530 2056 1690 2101 distra-

286 2139 496 2183 hendum
515 2147 559 2183 et
576 2137 880 2182 alienandum
901 2135 1157 2198 plurimum
1173 2133 1387 2180 efficaciae
1402 2132 1686 2178 habuerunt.

290 2215 431 2271 Quod
468 2225 602 2271 tunc,
637 2223 890 2278 postquam
922 2212 1103 2257 cladem
1128 2211 1319 2256 infelicis
1356 2227 1520 2274 pugnae
1552 2220 1690 2272 atque

291 2292 407 2354 fugae
439 2291 676 2336 infamiam
704 2290 831 2354 apud
872 2293 1025 2335 Moral
1063 2289 1360 2351 suscepisset,
1404 2287 1692 2333 manifestius

348 2469 383 2503 1.
415 2467 571 2501 Erreur.
591 2465 663 2498 Les
680 2457 781 2499 'Etats
801 2461 848 2498 de
866 2464 967 2497 4476
987 2461 1111 2497 sui-ent
1131 2469 1239 2496 tenus
1259 2462 1279 2496 a
1301 2460 1431 2504 Gand,
1456 2459 1506 2496 du
1527 2461 1576 2495 0..)ss
1597 2459 1691 2496 avril

293 2539 339 2562 au
362 2527 409 2560 27
433 2523 520 2560 mai.
545 2524 595 2559 M.
622 2521 795 2557 Gacliard
817 2535 837 2557 a
860 2521 924 2557 fait
953 2518 1146 2556 connaitre
1170 2519 1272 2555 leurs
1299 2527 1458 2555 travaux
1487 2517 1635 2569 d'ap1·cs
1660 2518 1694 2554 la

295 2584 453 2622 relation
474 2581 525 2618 ‹lu
556 2580 821 2631 pensionnaire
849 2580 894 2616 de
917 2579 1046 2626 Gand,
1076 2581 1171 2616 Gort
1196 2578 1390 2617 Roelants.
1418 2582 1548 2615 Tre'sor
1569 2587 1694 2613 nauo-

296 2647 372 2689 tml,
397 2652 423 2681 t.
444 2643 498 2678 III
514 2672 522 2687 ‚
548 2654 585 2690 Ι).
610 2641 699 2677 ⁶258.

350 2709 387 2743 2.
419 2709 468 2743 Ce
495 2705 665 2741 discours
687 2702 741 2738 fut
763 2711 848 2738 tenu
872 2702 904 2737 le
932 2704 979 2737 10).
996 2702 1121 2748 juillet
1142 2705 1257 2749 1475,
1280 2701 1419 2738 devant
1443 2702 1495 2737 les
1517 2694 1615 2736 Etats
1637 2712 1695 2735 as-

295 2765 456 2803 semblcs
476 2766 496 2800 a
518 2766 675 2813 Bruges.
697 2763 876 2798 L’auteur
899 2774 922 2808 y
943 2761 1090 2797 rev-ient
1108 2761 1284 2810 ci-apreS,
1308 2775 1344 2810 p.
1369 2762 1458 2797 423.
