1923 3020
255 247 328 282 168
615 241 950 278 HISTORIARUM
977 240 1209 276 LUDOVICI
1236 242 1291 276 XI

254 333 423 379 Hericii
447 345 596 393 prope
622 327 822 373 Parisios
844 327 999 373 adhuc
1020 325 1288 383 detinebat3
1320 342 1375 371 ex
1398 341 1491 387 qua
1508 325 1649 372 filiam

254 411 437 455 unicam
465 406 767 468 susceperat¹.
805 407 861 449 Et
882 419 1154 466 quanquam
1187 402 1276 448 tale
1307 401 1460 447 sortiri
1486 402 1652 463 conju-

253 489 376 549 gium
405 483 483 545 (eo
517 482 645 545 quod
674 481 946 543 hujusmodi
975 481 1091 536 filia,
1118 496 1205 525 nec
1231 489 1415 525 matura
1438 478 1540 523 viro
1565 493 1652 524 nec

250 563 309 609 ad
332 560 604 623 complexus
629 557 781 603 viriles
801 557 861 603 ad
884 574 1034 603 annos
1054 557 1228 620 plures,
1255 554 1318 601 ob
1337 556 1650 617 juventutem,

253 637 421 684 habilis
462 652 559 681 esse
597 635 834 699 poterat2)
875 652 961 680 nec
998 633 1083 679 sibi
1120 649 1207 679 nec
1251 649 1444 678 suorum
1483 630 1655 676 accolis

256 714 578 761 dominiorum
619 711 843 775 placitum
877 711 985 756 satis
1018 719 1166 769 esset,
1210 719 1364 754 tamen
1404 718 1453 753 ut
1490 723 1655 770 accep-

259 802 357 837 tum
380 800 660 853 gratumque
683 788 769 833 sibi
794 787 924 833 fieret
956 804 1035 832 rex
1064 786 1322 850 plurimum
1345 801 1508 830 curare
1533 783 1657 829 vide-

256 867 412 926 batur,
440 866 718 930 promittens
741 866 897 922 etiam,
926 864 1048 909 dotis
1073 863 1280 919 nomine,
1307 861 1485 924 amplas
1513 871 1658 906 terras

260 946 445 1007 lataque
462 943 673 988 dominia
688 958 735 987 se
752 941 990 986 daturum.
1012 939 1206 986 Aiebant
1222 939 1364 994 enim,
1383 938 1504 982 etita
1519 936 1657 999 vulgo

262 1021 497 1067 ferebatur
530 1055 541 1077 ‚
588 1018 718 1081 quod
757 1019 798 1063 ei
838 1018 1027 1063 offerret
1061 1016 1173 1061 dare
1210 1015 1516 1076 Campaniam
1551 1029 1659 1058 cum

263 1097 504 1144 nonnullis
528 1095 627 1141 aliis
650 1095 785 1140 terris
809 1092 1174 1155 adjaee11tibus³.

327 1177 452 1230 Quas
472 1188 599 1229 cuni,
623 1180 782 1215 utrum
800 1171 908 1214 satis
929 1185 1090 1214 secure
1108 1167 1335 1229 accipere,
1357 1167 1456 1228 ipse
1476 1164 1662 1210 illustris

263 1267 422 1297 comes
451 1248 709 1309 ambigeret
740 1263 819 1291 seu
851 1245 1113 1302 diffideret,
1152 1243 1276 1288 misit
1312 1242 1510 1287 Parisios
1544 1257 1663 1285 non-

264 1328 419 1373 nullos
442 1327 616 1389 peritos
637 1324 755 1386 juris
780 1324 839 1368 de
863 1339 948 1368 suo
984 1321 1205 1377 consiliO,
1243 1320 1325 1383 qui
1356 1320 1448 1365 illic
1474 1319 1665 1383 perqui—

266 1416 421 1453 rerent
466 1422 518 1451 ac
566 1404 895 1466 investigarent
939 1402 1217 1464 diligenter,
1265 1401 1302 1445 si
1346 1398 1599 1462 aliquando
1637 1415 1663 1445 a

265 1483 453 1544 regibus
467 1485 757 1526 Francorum
777 1480 871 1524 suis
891 1478 1075 1523 filiabus
1093 1478 1201 1523 talia
1217 1493 1270 1523 ac
1291 1486 1419 1522 tanta
1436 1486 1665 1522 terrarum

268 1560 479 1606 dominia
514 1559 559 1603 in
600 1558 762 1603 dotem
794 1557 1022 1619 assignata
1064 1555 1290 1613 fuissent,
1338 1554 1452 1599 dum
1498 1553 1667 1616 nuptui

270 1637 607 1684 traderentur&
642 1635 734 1690 Qui
761 1633 951 1697 quidem
970 1670 981 1691 ‚
1020 1649 1128 1679 cum
1157 1641 1368 1678 exactam
1401 1631 1459 1676 de
1487 1630 1581 1676 hoc
1614 1647 1669 1677 ac

324 1769 361 1804 1.
393 1765 512 1802 Mario
533 1764 578 1801 de
598 1767 826 1815 Bourgogne
843 1793 852 1810 ‚
875 1763 1059 1800 duchesse
1080 1761 1190 1812 apres
1216 1761 1251 1799 la
1276 1769 1375 1797 mort
1394 1760 1441 1797 de
1459 1760 1614 1798 Charles
1637 1759 1670 1797 le

270 1825 500 1863 Temeraire.

327 1888 362 1923 2.
397 1885 478 1921 Elle
498 1883 585 1920 etait
612 1883 682 1920 nee
714 1896 760 1919 en
792 1884 908 1926 1461,
932 1895 1000 1932 par
1023 1880 1254 1930 consequent
1278 1878 1418 1916 n'avait
1443 1890 1580 1915 encore
1599 1890 1672 1927 que

274 1955 406 1996 quatre
441 1959 507 1982 ans
528 1975 537 1991 ‚
578 1945 730 1994 lorsque
769 1944 804 1980 le
844 1951 967 1980 comte
1005 1943 1051 1978 de
1084 1942 1276 1980 Charolais
1313 1954 1361 1977 en
1397 1939 1497 1976 avait
1532 1948 1673 1976 trente-

274 2006 378 2043 trois.

328 2067 363 2101 3.
396 2065 493 2101 C'est
522 2076 569 2099 en
598 2062 685 2100 esset
717 2075 759 2099 ee
790 2062 855 2111 qui
886 2070 941 2098 est
969 2069 1133 2098 contenu
1164 2060 1256 2098 dans
1284 2060 1318 2097 le
1347 2059 1469 2110 projet
1500 2057 1625 2094 dress&
1655 2058 1675 2093 ἐι

276 2122 572 2159 Villicrs-le-Bel
592 2151 600 2166 ‚
628 2122 663 2159 le
683 2123 703 2158 3
722 2119 932 2157 novembre
954 2122 1071 2157 1405.
1096 2120 1123 2156 Il
1145 2127 1201 2156 est
1220 2119 1271 2155 dit
1294 2119 1340 2156 de
1357 2119 1460 2169 plus,
1482 2129 1555 2166 que
1578 2128 1676 2166 pour

276 2182 548 2232 dedommager
579 2182 616 2218 le
646 2189 769 2217 comte
799 2180 846 2216 (le
873 2193 912 2216 sa
941 2179 1080 2229 longue
1113 2187 1252 2216 attente
1282 2178 1432 2227 jusqu’a
1463 2191 1505 2213 ce
1531 2188 1605 2225 que
1636 2188 1675 2211 sa

277 2243 417 2279 {lancee
445 2243 497 2277 sut
524 2242 677 2287 nubile,
709 2240 733 2277 il
758 2239 914 2287 jouirait
942 2239 993 2275 du
1021 2239 1206 2275 ponthieu
1233 2247 1269 2275 et
1290 2237 1341 2274 du
1360 2237 1481 2273 comte
1506 2235 1552 2271 de
1574 2237 1676 2270 Bou-

277 2302 404 2351 logne.
429 2301 583 2351 Lenglet
612 2299 843 2348 Dusresnoy,
868 2299 1085 2343 Commines,
1106 2306 1131 2334 t.
1152 2300 1202 2342 ΙΙ,
1223 2311 1260 2347 p.
1285 2298 1375 2333 543.

331 2361 367 2395 4.
402 2357 513 2395 Solon
534 2358 677 2395 Olivier
699 2357 745 2394 (16
767 2360 819 2394 La
840 2357 1008 2402 Marche,
1032 2364 1128 2393 cette
1152 2354 1382 2392 verification
1403 2353 1457 2389 fut
1477 2352 1564 2389 saite
1585 2364 1678 2403 pen-

279 2419 368 2455 dant
390 2431 464 2467 que
490 2417 524 2453 16
552 2425 673 2453 comte
699 2417 744 2453 (16
769 2416 961 2453 Charolais
987 2415 1074 2452 etait
1093 2428 1230 2452 encore
1251 2416 1268 2451 a
1291 2413 1489 2451 Conssans:
1518 2430 1533 2444 u
1558 2412 1681 2449 Grans

278 2478 505 2528 parlements
526 2477 651 2512 l‘urent
671 2484 777 2512 tenus
804 2485 909 2512 entre
936 2476 972 2512 16
991 2483 1114 2512 comte
1135 2483 1171 2512 et
1197 2475 1231 2510 16
1252 2487 1335 2523 roy,
1358 2472 1537 2509 touchant
1557 2471 1679 2519 iceluy

279 2537 459 2585 mariage.
496 2538 539 2571 Et
570 2535 697 2570 ossroit
729 2535 762 2571 16
787 2549 854 2583 roy
884 2535 929 2571 (16
956 2534 1104 2571 donner
1128 2546 1174 2571 en
1197 2532 1363 2582 mariage
1400 2533 1419 2567 a
1452 2543 1490 2566 sa
1518 2529 1594 2566 fille
1626 2527 1680 2566 les

279 2599 419 2635 comtes
441 2597 486 2634 (16
514 2597 597 2633 Brie
622 2605 657 2632 et
680 2595 725 2632 (16
747 2596 1015 2645 Cliampaigne.
1044 2598 1088 2631 Et
1114 2609 1212 2645 pour
1231 2603 1329 2631 ceste
1351 2593 1509 2629 maticre
1533 2591 1587 2627 sut
1611 2603 1679 2626 en·-

283 2659 378 2709 voye
407 2657 556 2693 maistre
584 2656 705 2692 Jehan
734 2654 976 2700 Carondclcn
998 2654 1061 2701 qui
1093 2653 1226 2703 depuis
1251 2665 1272 2688 a
1301 2652 1377 2687 estc
1405 2649 1617 2686 chancelier
1636 2646 1682 2682 de

282 2720 532 2767 Bourgogue,
561 2728 652 2752 avec
682 2715 821 2764 charge
853 2713 972 2749 ‹l'alcr
1001 2715 1019 2748 ἰι
1053 2713 1155 2749 Paris
1184 2720 1220 2748 et
1247 2712 1292 2747 (16
1320 2711 1448 2746 visiter
1468 2709 1520 2745 les
1548 2707 1681 2747 tittres,
