1923 3020
214 251 289 284 4⁹22
572 245 908 284 HISTORIARUM
935 245 1168 282 LUDOVICI
1196 247 1249 282 XI

216 353 379 400 pacem
402 334 637 389 habuisse,
664 329 843 375 tamdiu
862 328 1138 376 duraturam
1161 341 1389 393 quantum
1407 332 1614 382 humana

216 412 487 459 instabilitas
527 423 629 452 eam
674 405 844 451 durare
882 407 1194 468 permisisset,
1237 424 1380 471 quam
1423 407 1615 455 assiduis

215 489 347 535 bellis
370 501 466 530 5650
491 493 749 544 terrasque,
769 492 814 527 et
838 481 1055 529 subditos
1080 500 1191 529 suos
1215 494 1285 530 tot
1305 484 1615 531 anxietatibus

215 576 259 611 et
279 558 622 609 calamitatibus
645 558 968 621 complevisse.

280 644 373 685 Nec
401 638 495 683 hoc
523 636 724 682 dicimus
751 646 800 681 ut
824 645 920 682 tam
946 636 1129 700 perfido
1156 647 1203 683 et
1224 637 1465 700 foedifrago
1492 637 1615 683 hosti

219 717 449 762 ullatenus
477 712 736 772 confidere,
772 722 851 758 aut
879 729 977 758 sese
1009 713 1082 758 vel
1112 723 1285 758 statum
1308 731 1444 760 suum
1464 713 1615 760 eidem

216 793 406 840 credere
434 790 693 849 debuisset3
733 789 810 835 sed
846 790 1000 852 quod,
1035 806 1133 835 sese
1166 791 1402 836 munitum
1435 807 1619 854 semper

217 881 262 916 et
287 869 531 934 provisum
557 883 770 926 servans,
800 865 979 912 utendo
1009 875 1148 929 atque
1174 867 1407 930 potiundo
1435 876 1618 931 tempo-

219 947 349 992 rariae
380 955 426 991 et
459 946 648 990 incertae
673 944 800 1008 pacis
831 943 985 1003 bonO,
1021 942 1160 1005 louge
1192 943 1492 1007 paucioribus
1520 960 1619 990 sese

219 1039 420 1086 suasque
445 1032 589 1068 terras
617 1030 663 1067 et
687 1020 901 1066 subditos
927 1020 1058 1066 malis
1081 1020 1409 1083 implicuisset,
1434 1025 1616 1083 quam¹‚

219 1101 386 1164 spretis
420 1108 560 1161 atque
600 1097 821 1160 neglectis
858 1096 1211 1143 conditionibus
1252 1098 1402 1160 paciS,
1442 1114 1539 1143 sese
1576 1107 1622 1143 ct

223 1177 389 1223 milites
415 1192 543 1235 suos,
570 1184 663 1220 tam
700 1182 856 1219 aestate
889 1189 1033 1236 quam
1055 1172 1212 1218 11161116
1235 1183 1282 1218 et
1312 1174 1485 1236 iniquis
1511 1183 1623 1219 tem—

222 1254 436 1319 poribus,
461 1251 698 1314 fatigando
723 1260 769 1296 et
787 1249 1066 1312 frangendo,
1093 1249 1269 1312 absque
1293 1249 1451 1315 aliquo
1472 1249 1622 1295 fructu

223 1349 304 1379 seu
329 1330 601 1394 apparentia
620 1328 842 1386 victoriae,
866 1336 912 1372 et
932 1326 1110 1372 nedum
1132 1343 1267 1372 suam
1285 1326 1517 1387 militiam,
1543 1327 1625 1373 sed

224 1410 366 1456 etiam
402 1424 511 1453 suos
540 1405 752 1451 subditos
784 1414 828 1450 et
865 1414 1009 1450 terras
1041 1402 1217 1449 viribus
1249 1413 1295 1449 et
1328 1403 1644 1464 facultatibus

224 1483 562 1532 exhauriendo.
597 1485 706 1527 Erat
733 1482 859 1526 enim
882 1482 1022 1542 longe
1044 1480 1202 1543 dispar
1226 1490 1366 1543 atque
1392 1480 1626 1527 dissimilis

225 1579 364 1609 causa
389 1561 532 1624 ipsius
554 1569 597 1605 et
620 1559 768 1604 hostis
793 1558 881 1617 sui,
908 1561 1198 1604 Francorum
1220 1558 1357 1620 regis.
1387 1560 1504 1602 Nam
1528 1558 1627 1621 ipse

226 1642 514 1684 Francorum
552 1653 631 1681 rex
664 1645 761 1681 tam
794 1635 914 1681 latos
948 1644 995 1680 et
1026 1635 1256 1698 spatiosos
1293 1634 1476 1697 imperii
1511 1633 1627 1680 fines

227 1716 410 1774 retinet,
434 1724 479 1759 et
490 1714 680 1775 longam
695 1723 834 1775 atque
853 1714 1157 1758 inveteratam
1170 1711 1267 1773 jam
1282 1711 1625 1775 possessionem

227 1801 391 1837 nactus
415 1800 483 1836 est
505 1789 724 1853 quaeiibet
748 1798 793 1835 et
818 1789 1118 1852 quantumvis
1142 1788 1297 1851 gravia
1321 1787 1628 1833 collationum

227 1879 368 1932 atque
395 1867 692 1930 vectigalium
721 1882 867 1911 onera
896 1876 939 1911 et
963 1865 1137 1912 tributa
1162 1864 1362 1910 subditis
1384 1865 1628 1929 imponere

228 1962 316 2008 pro
349 1944 451 1990 solo
483 1954 602 1990 nutu
636 1953 682 1988 et
714 1942 957 1988 voluntate
992 1957 1099 2000 sua,
1136 1942 1202 1987 sic
1234 1941 1365 2004 quod
1397 1941 1552 1987 nullus
1580 1942 1627 1987 in

228 2040 372 2086 regno
393 2039 480 2068 nec
497 2021 741 2086 provincia
758 2019 950 2083 quidem
966 2036 1077 2079 una,
1095 2018 1174 2064 sed
1200 2035 1288 2064 nec
1312 2019 1470 2082 plures
1492 2019 1629 2065 simul

229 2110 308 2145 aut
327 2100 466 2144 etiam
481 2114 662 2157 omnes,
683 2107 850 2143 contra
866 2096 1116 2141 minimum
1134 2112 1328 2140 suorum
1345 2104 1630 2158 quaestorum

231 2175 325 2221 ullo
358 2185 493 2238 pacto
526 2174 752 2220 auderent
784 2174 971 2219 mutire.
995 2172 1062 2218 Ad
1087 2182 1264 2218 tantam
1284 2172 1410 2217 enim
1435 2172 1631 2216 servitu-

230 2262 325 2297 tem
372 2267 455 2296 sua
494 2252 660 2297 inertia
699 2261 744 2297 et
783 2260 914 2296 muta
959 2249 1181 2313 patientia
1229 2258 1632 2311 tyrannorumque

232 2328 523 2373 immanitate
558 2338 667 2373 sunt
704 2328 896 2374 redacti.
934 2331 1089 2390 Longe
1114 2335 1271 2372 autem
1295 2325 1450 2371 adhuc
1474 2324 1634 2371 aberat

231 2415 281 2450 ut
315 2413 443 2450 tanta
482 2404 664 2451 licentia
702 2406 748 2450 in
786 2407 919 2451 terris
960 2405 1054 2450 suis
1093 2403 1203 2449 duci
1244 2403 1632 2466 Burgundionum

233 2483 350 2527 soret
378 2481 624 2544 permissa3
655 2499 926 2544 quanquam
956 2481 1197 2535 dictemus,
1227 2491 1323 2526 tam
1363 2481 1460 2543 ipse
1490 2497 1632 2542 quam

233 2560 326 2617 sui,
361 2559 501 2604 totius
530 2558 701 2619 ingenii
729 2559 846 2605 vires
878 2558 1187 2604 intendebant
1214 2567 1287 2616 ut,
1321 2558 1448 2619 regio
1476 2573 1629 2614 more,

286 2727 324 2763 1.
359 2726 469 2769 Quor!
489 2723 582 2759 dans
602 2723 636 2758 lc
660 2736 729 2758 ms.
