1923 3020
760 227 902 261 LIBER
928 225 1167 272 QUARTUS.
1594 226 1665 261 297

266 314 366 357 Deo
400 312 580 357 bomini
616 313 839 358 collatum
880 323 962 369 est,
991 311 1172 359 efficere
1206 312 1362 375 potuit
1398 320 1476 367 ut,
1505 311 1668 355 divino

267 391 434 434 timore
477 389 675 450 abjecte,
720 390 943 435 naturalis
991 389 1174 434 foederis
1219 398 1359 450 atque
1402 388 1669 432 arctissimae

266 466 640 521 necessitudinis,
667 476 711 511 et
742 468 882 511 totius
909 467 1039 511 famae
1060 476 1104 510 et
1129 466 1324 510 honoris
1349 465 1416 510 sui
1446 464 1664 519 oblitum,

267 544 312 587 in
338 552 432 586 tam
450 542 731 587 exsecrabile
754 553 795 587 et
820 543 1111 587 horrendum
1137 542 1286 587 scelus
1304 542 1549 587 bominem
1574 541 1668 587 labi

266 618 399 662 faciat
439 626 483 660 et
522 633 673 662 ruere.
715 619 830 674 Quis
862 619 988 662 enim
1025 618 1220 662 amicior
1262 634 1361 662 esse
1400 617 1547 680 possit
1590 628 1670 663 aut

266 692 433 738 debeat
466 710 605 755 quam
642 695 781 740 frater
815 694 975 739 fratri?
1015 697 1067 737 Et
1093 704 1248 739 tamen
1284 693 1405 739 banc
1430 695 1670 756 pernicio-

265 769 490 814 sissimam
516 769 793 815 dominandi
828 769 1133 832 cupiditatem
1154 778 1338 814 tantum
1364 770 1482 814 inter
1509 770 1670 815 fratres

264 848 422 892 saevire
455 848 797 910 conspicimus,
840 857 890 891 ut
928 847 1026 892 baec
1063 847 1320 891 arctissima
1357 856 1533 892 naturae
1566 849 1669 893 vin-

265 923 367 968 cula
402 932 446 968 et
476 923 650 969 foedera
683 940 765 969 sua
798 923 1072 984 impiissima
1111 922 1386 967 crudelitate
1427 915 1666 969 dissolvat.

266 998 406 1054 Quod
431 1000 641 1063 profecto
665 1000 699 1044 si
724 1000 911 1045 laudem
929 1035 939 1054 ‚
980 999 1015 1043 si
1057 998 1252 1060 gloriam
1289 1000 1392 1060 quis
1427 1010 1668 1046 consecta-

266 1085 412 1131 retur,
440 1093 687 1138 nunquam
711 1093 794 1139 per
815 1086 908 1120 tam
932 1086 1094 1139 aperta
1116 1085 1161 1120 et
1186 1075 1457 1120 detestanda
1497 1078 1671 1123 scelera

265 1152 642 1198 dominationem
675 1153 879 1197 studeret
912 1154 1171 1214 acquirere.
1204 1173 1224 1194 κ
1253 1154 1298 1197 Si
1324 1153 1480 1214 glorize
1510 1171 1667 1213 causa,

266 1229 415 1290 inquit
441 1230 621 1287 Cicero,
650 1229 898 1291 imperium
916 1230 1233 1292 expetendum
1251 1239 1335 1287 est,
1360 1229 1510 1275 scelus
1530 1230 1667 1287 absit,

267 1304 311 1348 in
344 1322 439 1366 quo
468 1322 563 1350 non
586 1315 737 1368 potest
759 1322 858 1351 esse
877 1306 1039 1367 gloria.
1068 1325 1090 1348 »
1122 1306 1256 1351 Unde
1277 1307 1382 1368 jure
1406 1307 1528 1352 illius
1547 1307 1672 1353 illus-

266 1383 347 1426 tris
373 1383 568 1428 Fabricii
606 1383 777 1429 factum
804 1401 829 1429 a
856 1394 1020 1430 senatu
1054 1388 1271 1430 Romano
1303 1385 1546 1431 laudatum
1572 1397 1667 1444 est,

265 1458 323 1502 ad
349 1460 482 1520 cujus
509 1471 658 1505 castra
682 1477 789 1505 cum
819 1478 872 1505 ex
903 1461 1155 1507 comitibus
1182 1462 1369 1523 Pyrrhi,
1398 1464 1601 1525 potentis
1628 1473 1673 1508 et

267 1538 477 1594 generosi
512 1538 648 1599 regis,
685 1538 766 1599 qui
797 1554 893 1582 non
932 1554 1078 1601 parvo
1110 1539 1274 1583 terrori
1300 1548 1441 1600 atque
1462 1540 1672 1602 periculo

268 1614 490 1658 Romanis
526 1623 648 1672 erat,
688 1615 924 1676 transfuga
959 1617 1177 1674 venisset,
1208 1617 1287 1679 qui
1314 1616 1401 1661 sibi
1425 1617 1674 1680 pollicere-

267 1700 358 1746 tur,
387 1691 421 1735 si
446 1693 688 1754 praemium
718 1693 758 1737 ei
785 1693 1105 1755 proposuisset
1130 1704 1271 1756 atque
1294 1694 1570 1757 promittere
1594 1711 1673 1739 vo-

267 1768 444 1824 luisset,
486 1784 550 1824 se,
593 1779 642 1813 ut
679 1769 800 1814 clam
834 1770 1060 1828 venisset,
1104 1771 1168 1816 sic.
1203 1781 1246 1816 et
1282 1772 1401 1816 clam
1443 1772 1487 1815 in
1525 1780 1673 1816 castra

270 1845 432 1907 Pyrrhi
470 1845 731 1891 rediturum
773 1856 815 1891 et
856 1863 964 1892 eum
998 1864 1183 1892 veneno
1226 1857 1522 1905 necaturum,
1563 1864 1671 1892 eum

266 1922 325 1968 ad
349 1921 579 1984 Pyrrhum
603 1922 938 1968 remittendum
966 1925 1164 1979 curavit,
1195 1941 1282 1969 nec
1307 1923 1476 1968 talibus
1494 1924 1672 1970 artibus

266 1998 481 2044 nefandis
512 2009 555 2044 et
584 1999 788 2045 scelestis
819 2000 878 2045 de
912 2001 1238 2063 potentissimo
1265 2001 1424 2058 hoste,
1453 2001 1578 2046 nulla
1604 2010 1671 2047 ta-

267 2091 374 2119 men
400 2074 485 2119 sibi
511 2076 856 2120 necessitudine
886 2077 1160 2137 conjunct(›‚
1191 2076 1456 2121 nullatenus
1492 2078 1673 2122 curavit

267 2161 507 2214 reportare
539 2152 801 2196 victoriani.
839 2155 1131 2197 Generosum
1161 2153 1371 2216 profecto
1407 2163 1452 2198 et
1488 2154 1672 2199 virtutis

268 2226 520 2289 splendore
555 2237 774 2272 ornatum
811 2238 974 2290 pectus
1015 2246 1023 2273 z
1061 2230 1189 2290 quod
1223 2230 1402 2275 utinam
1434 2230 1524 2275 tale
1562 2230 1672 2276 huic

270 2304 508 2350 [nidovico
541 2305 696 2350 fuisset
721 2315 861 2367 atque
883 2305 1022 2351 soret!
1055 2311 1156 2352 Non
1184 2307 1361 2353 fecisset
1388 2309 1564 2372 quippe
1589 2326 1670 2354 seu

266 2382 593 2435 consensisset,
620 2381 690 2426 vel
712 2382 975 2428 mandasset
1004 2383 1102 2429 sieri
1126 2393 1221 2430 tam
1255 2385 1550 2430 horrendum
1581 2386 1670 2432 fra-

267 2456 523 2515 tricidium,
548 2458 901 2521 undeposteris,
925 2461 1329 2521 quemadmodum
1352 2463 1484 2520 Cain,
1508 2465 1671 2508 Atreus

265 2542 309 2577 et
348 2533 586 2594 Thyestes
619 2534 828 2580 Eteocles
863 2546 907 2580 et
948 2537 1206 2599 Polynices,
1236 2548 1281 2584 et
1313 2538 1588 2601 hujusmodi
1613 2540 1671 2586 si-

268 2609 398 2654 miles
432 2627 476 2655 in
513 2611 718 2656 fabulam
744 2622 786 2657 et
812 2615 1197 2672 exsecrationem,
1225 2633 1310 2679 pro
1336 2616 1407 2661 sui
1426 2618 1670 2663 atrocitate

267 2686 468 2742 sceleris,
499 2698 772 2734 verteretur.
