1923 3020
288 236 363 271 208
652 233 988 270 HISTORIARUM
1017 233 1251 270 LUDOVICI
1280 236 1337 270 XI

288 322 399 367 leste
437 322 609 384 petitur
649 329 694 365 et
739 320 962 383 quaeritur
1005 337 1225 383 regnum,
1271 321 1700 387 ecclesiasticasque

287 413 506 444 censuras
531 396 629 442 ullo
652 406 791 461 pacto
814 407 1043 445 temerare
1063 407 1366 462 praesumant,
1396 408 1701 448 contemnere

287 485 366 522 aut
391 474 583 521 violare.

740 660 1079 704 CAPITULUM
1114 662 1255 705 XXV.

287 795 480 839 Quomodo
497 809 558 830 rex
573 809 614 829 ex
633 795 768 830 Leodio
788 809 947 830 reversus
964 796 1000 829 in
1021 797 1205 830 Franciam
1222 796 1446 844 apprehendi
1467 806 1499 831 et
1524 799 1559 831 in
1584 811 1703 833 carce-

334 863 407 883 rem
427 851 515 884 mitti
536 850 615 885 fecit
633 863 735 885 suum
759 850 975 885 cardinalem
992 850 1279 897 Audegavensem
1298 860 1331 885 et
1352 851 1558 898 episcopum
1569 852 1705 888 Virdu-

335 916 479 938 nensem
493 907 502 924 ¹
512 932 520 941 .

355 1027 698 1071 Consummato
725 1033 882 1072 autem
911 1026 1037 1072 urbis
1061 1025 1283 1072 incendio
1310 1036 1355 1072 et
1378 1044 1519 1090 poena
1545 1027 1704 1075 debita

288 1102 348 1148 de
383 1103 635 1165 foedifragis
672 1113 886 1168 accepta,
925 1103 1116 1149 illustris
1153 1104 1545 1166 Burgundionum
1579 1106 1699 1165 dux,

288 1180 451 1227 relicto
467 1182 512 1226 in
535 1191 659 1227 terra
677 1181 754 1227 illa
772 1181 1043 1227 Leodiensis
1062 1181 1223 1244 patria—³
1239 1181 1486 1228 defensore
1505 1183 1702 1229 domino

289 1257 348 1304 de
373 1257 716 1316 Himbercourt,
744 1256 802 1302 ad
827 1258 1022 1321 propria
1046 1258 1302 1322 repedavit.

354 1339 645 1381 Francorum
679 1344 838 1381 autem
872 1352 979 1395 rex,
1015 1352 1126 1381 cum
1160 1335 1348 1382 rediens
1381 1335 1440 1382 de
1472 1337 1704 1400 praedictae

292 1413 418 1459 urbis
445 1413 650 1471 excidio,
681 1430 832 1477 prope
858 1413 1143 1459 Parisiorum
1168 1413 1339 1459 urbem
1363 1415 1614 1461 transitum
1638 1415 1705 1462 fa-

289 1501 435 1546 ceret,
468 1501 514 1536 et
540 1508 566 1537 a
596 1492 778 1537 cunctis
808 1491 1114 1537 aestimaretur
1141 1501 1190 1537 ut
1215 1491 1343 1538 illam
1369 1508 1502 1538 suam
1528 1492 1704 1555 regiam

289 1568 652 1630 insignissimam
685 1569 918 1627 visitaret,
955 1568 1048 1614 alio
1082 1569 1170 1614 iter
1199 1568 1390 1615 deflexit
1419 1588 1428 1614 ε
1456 1586 1537 1615 seu
1568 1586 1702 1616 vere-

289 1645 461 1691 cundia
488 1655 532 1691 et
560 1645 734 1692 rubore
763 1646 991 1705 suffusus,
1018 1645 1151 1709 quod
1177 1655 1274 1692 tam
1299 1646 1525 1692 infamem
1548 1656 1704 1694 actum

289 1731 335 1767 et
365 1732 494 1768 tanta
526 1723 776 1786 indignum
809 1723 1049 1785 majestate
1079 1723 1262 1769 fecisset
1290 1723 1418 1787 apud
1449 1723 1700 1782 Leodium,

290 1816 368 1845 seu
388 1799 518 1863 quod
537 1817 735 1846 suorum
756 1799 1094 1846 osficiariorum
1114 1800 1325 1863 ejusdem
1344 1800 1474 1846 urbis
1491 1800 1704 1864 querelas

290 1887 336 1923 et
360 1877 752 1941 exprobrationes
777 1877 1045 1937 verebatur,
1077 1894 1165 1942 pro
1191 1894 1247 1924 eo
1275 1877 1431 1941 quod,
1465 1877 1593 1942 apud
1618 1880 1702 1923 Pe-

290 1971 478 2013 ronam,
506 1972 613 2000 cum
635 1965 788 2001 tantas
811 1957 1117 2002 contraxisset
1139 1956 1299 2019 copias
1324 1965 1373 2000 ut
1394 1971 1703 2019 oppressurus

292 2032 683 2094 Burgundionum
709 2032 880 2079 ducem
901 2050 1105 2096 suosque
1129 2032 1261 2078 facile
1284 2041 1545 2097 putaretur,
1574 2031 1703 2078 nulla

292 2117 448 2154 tamen
463 2110 796 2171 congressione
813 2111 947 2170 facta⁷
964 2110 1094 2156 nullo
1109 2111 1284 2174 praelio,
1302 2108 1432 2155 nullo
1447 2109 1702 2154 certamine

292 2183 472 2243 habim,
493 2186 539 2230 in
560 2195 656 2231 tam
677 2196 836 2250 turpes
857 2197 903 2232 et
920 2204 1109 2233 coronae
1133 2203 1226 2232 suae
1247 2196 1343 2232 tam
1366 2185 1702 2250 praejudiciales

291 2263 420 2325 pacis
457 2263 757 2310 conditiones
786 2282 895 2310 cum
922 2264 1091 2310 eodem
1116 2265 1260 2327 (luce,
1289 2280 1315 2310 a
1341 2280 1388 2309 se
1417 2263 1628 2326 expetitae
1659 2272 1703 2309 et

293 2355 402 2384 curn
428 2356 596 2402 magna
620 2342 841 2388 instantia
864 2342 1127 2406 postulatae,
1155 2340 1489 2387 descendisset.

359 2415 502 2472 Quod
524 2427 680 2463 autem
705 2419 763 2465 de
785 2419 859 2464 his
878 2419 974 2483 ipse.
993 2429 1252 2482 utcumque
1277 2417 1576 2464 erubesceret
1594 2417 1702 2463 satis

295 2493 591 2538 manifestum
626 2494 851 2541 indicium
887 2497 993 2557 suit,
1037 2496 1168 2559 quod
1213 2495 1366 2542 edicto
1414 2494 1608 2559 publico
1652 2495 1701 2539 in

294 2571 392 2635 ipsa
417 2570 540 2634 regia
567 2569 684 2616 urbe
708 2572 909 2618 inhiberi
935 2573 1063 2633 fecit,
1096 2590 1155 2619 ne
1181 2573 1285 2637 quis
1308 2573 1381 2619 vel
1405 2572 1463 2618 de
1487 2588 1569 2618 sua
1594 2586 1701 2634 pro-

348 2732 385 2766 1.
417 2728 595 2779 Chapitl·e
617 2727 746 2779 publie
763 2727 856 2764 dans
875 2728 1147 2777 l’Amplissima
1167 2732 1349 2776 collectio,
1373 2737 1398 2765 t.
1422 2730 1487 2776 IV,
1508 2727 1580 2765 col.
1608 2728 1697 2764 761.
