1923 3020
289 296 363 330 400
648 290 986 326 HISTORIARUM
1013 290 1248 327 LUDOVICI
1276 292 1330 326 XI

764 466 833 509 CA
843 466 1098 510 PlTULUM
1136 467 1211 510 lx.

288 597 440 639 Qualiter
468 594 559 628 idem
591 593 664 627 dux
690 595 895 641 Nanceyum
923 595 1159 641 recuperavit;
1181 604 1213 629 et
1239 595 1282 629 de
1303 597 1467 642 angustiis
1495 597 1628 642 magnis
1653 598 1689 629 in

333 650 458 693 quibus
481 648 669 693 implicitus
695 657 766 680 crat
793 657 895 693 atque
920 648 1079 682 detentus
1098 657 1182 682 tunc
1206 650 1372 694 temporis
1397 650 1690 696 Burgundionum

332 702 416 744 (lux,
439 701 473 733 in
499 714 558 734 sua
575 701 741 734 exsistens
757 701 976 747 Burgundia3
997 710 1029 735 et
1045 701 1088 735 (lc
1103 702 1341 736 inobedientia
1357 712 1389 737 et
1413 716 1591 737 murmure
1611 715 1691 737 suo-

332 767 409 787 rum
426 753 649 788 subditorum
665 762 785 787 contla
801 767 849 788 se.

352 876 510 936 Ipsum
547 874 687 936 igitur
728 872 1038 935 Lotharingiae
1079 874 1171 920 dux
1220 874 1466 922 obsidione
1511 876 1687 939 cingit,

287 950 483 996 collecta
526 968 580 996 ex
618 950 739 1011 agris
775 959 819 995 et
848 951 1045 995 castellis
1081 952 1416 1013 Lotharingiae‚
1452 969 1563 998 cum.
1599 955 1692 999 suis

289 1021 569 1067 militaribus
615 1022 725 1065 xiris
742 1056 754 1077 ‚
797 1022 1100 1067 multitudine
1144 1024 1253 1068 satis
1295 1024 1503 1086 copiosa.
1550 1023 1691 1080 Quod

288 1116 397 1143 cum
423 1100 530 1144 satis
557 1098 736 1144 exiliter
759 1107 803 1142 et
825 1114 1016 1145 annona
1040 1109 1085 1144 et
1108 1101 1309 1145 militum
1333 1101 1547 1162 praesidio
1573 1111 1693 1146 esset

288 1176 651 1238 praemunitum,
680 1191 776 1220 non
804 1175 1003 1220 multum
1027 1184 1165 1237 post,
1194 1175 1483 1220 deditionem
1508 1175 1655 1221 secit¹.

355 1260 458 1301 Dux
485 1272 599 1301 vero
634 1254 914 1317 Burgundiae
940 1271 1047 1299 cum
1073 1254 1211 1299 fratre
1234 1271 1339 1314 suo,
1365 1254 1567 1299 Antonio
1590 1253 1695 1301 bas-

292 1333 453 1392 tardo‚
481 1332 565 1377 has
589 1330 677 1376 sibi
701 1332 970 1393 ingruentes
989 1331 1150 1375 ruinas
1172 1330 1482 1393 contemplari
1505 1330 1697 1393 quidem

290 1421 335 1456 et
357 1411 627 1474 prospicere
652 1418 863 1472 poterat3
889 1408 971 1453 sed
992 1424 1138 1470 parvo
1165 1407 1426 1453 admodum
1447 1407 1698 1453 collectitio

291 1488 436 1533 milite
471 1488 690 1551 stipatus,
729 1487 809 1548 qui
845 1485 1156 1531 verisimiliter
1185 1486 1234 1530 in
1269 1502 1521 1548 congressu
1546 1485 1606 1530 ad
1631 1484 1699 1530 fu-

291 1581 397 1626 gam
426 1565 611 1628 potius,
643 1580 784 1626 quam
812 1563 1156 1609 conserendam
1179 1579 1374 1609 manum
1400 1580 1509 1608 cum
1543 1562 1696 1619 hoste,

291 1642 500 1704 paratior
526 1651 625 1687 erat
648 1641 832 1686 futurus
849 1676 860 1698 ,
888 1657 976 1686 nec
998 1640 1207 1686 remedia
1226 1640 1337 1686 dare
1358 1677 1369 1700 ⁷
1393 1656 1480 1685 nec
1500 1638 1701 1684 obsessis

292 1721 545 1767 subvenire
567 1721 766 1767 valebat.
802 1723 911 1766 Erat
935 1720 1110 1783 quippe
1137 1736 1189 1764 ex
1221 1718 1540 1782 superioribus
1563 1716 1702 1763 cladi—

292 1801 381 1846 bus
412 1811 538 1846 totus
569 1818 700 1864 paene
741 1802 1030 1847 exanimatus
1062 1810 1107 1845 et
1140 1799 1318 1845 viribus
1347 1799 1623 1856 exhaustus3
1657 1807 1702 1843 et

294 1879 446 1941 (quod
473 1896 570 1924 11011
597 1894 765 1942 parum
791 1878 1029 1936 anxietati,
1059 1876 1299 1922 formidini
1329 1886 1470 1938 atque
1491 1873 1701 1940 periculo

295 1956 415 2017 crat)
443 1956 654 2018 undique
680 1956 743 2001 ita
766 1955 900 2001 terris
923 1953 1171 1999 hostilibus
1195 1952 1480 2009 vallabatur,
1508 1962 1576 2010 ut,
1614 1967 1703 1996 nec

296 2048 320 2076 e
359 2033 630 2095 Burgundia
670 2033 854 2096 uspiam
888 2031 1145 2095 proficisci,
1179 2032 1268 2077 nisi
1298 2031 1420 2076 ferro
1451 2029 1540 2075 sibi
1578 2029 1703 2074 viam

298 2110 498 2172 aperiret
518 2147 529 2169 ‚
554 2126 642 2155 nec
669 2109 729 2155 ad
756 2126 868 2155 eum
892 2109 1123 2172 quispiam
1147 2124 1203 2154 ex
1224 2107 1325 2154 aliis
1349 2108 1441 2153 suis
1464 2106 1596 2152 terris
1627 2122 1703 2151 ac-

299 2185 465 2231 cedere
490 2197 661 2250 posset.

369 2264 623 2325 Postquam
658 2264 784 2309 enim
821 2262 1065 2308 infeliciter
1098 2262 1247 2308 victus
1277 2261 1404 2326 apud
1435 2265 1620 2320 Μοναῐ,
1657 2261 1703 2305 in

302 2354 433 2384 suam
472 2340 788 2400 burgundiam
824 2339 1094 2401 aufugerat,
1124 2339 1278 2384 statim
1303 2354 1385 2383 rex
1414 2337 1576 2384 videns
1608 2336 1705 2382 du—

303 2417 472 2461 cissam
497 2415 763 2473 Sabaudizc,
795 2433 1009 2461 sororem
1033 2432 1166 2461 suam
1188 2453 1198 2475 ,
1230 2427 1280 2461 ut
1305 2431 1446 2478 supra
1469 2415 1700 2472 diximus,

307 2494 445 2537 fuisse
471 2491 723 2537 abductam
739 2531 749 2547 ,
777 2494 973 2538 nomine
992 2503 1221 2556 nepotum
1248 2508 1444 2538 suorum
1466 2493 1705 2537 minorum

306 2570 465 2627 annis,
492 2568 633 2613 totius
657 2569 900 2614 Sabamliw
923 2580 968 2615 et
986 2570 1387 2615 Pedis-—Montium
1412 2569 1589 2631 accepit
1614 2567 1706 2612 tui-

308 2648 483 2691 tionem
530 2654 575 2690 et
614 2644 1030 2705 gubernationem,
1057 2648 1116 2691 ita
1151 2646 1280 2708 quod
1318 2647 1436 2705 regis
1477 2645 1701 2700 nomine,

359 2768 395 2804 1.
431 2765 499 2800 fin
519 2764 565 2801 dc
589 2762 802 2812 septembre
824 2765 937 2799 1476.
