1923 3020
714 265 857 298 LIBER
896 265 1111 299 TERTIUS.
1538 263 1612 297 233

218 349 356 406 Quod
382 349 565 411 utique,
591 359 638 395 ut
663 366 804 414 supra
830 351 1098 409 retulimus,
1133 351 1404 414 compulsus
1427 359 1471 396 et
1495 366 1614 412 quo-

215 425 498 482 dammodo,
525 426 561 470 si
585 426 677 471 dici
702 436 878 489 potest,
907 427 1077 472 invitus
1105 436 1425 490 percusserat,
1452 427 1616 490 praeri-

216 502 347 564 piens
375 500 489 545 illud
515 504 801 547 Francorum
827 502 945 563 regi,
973 503 1053 564 qui
1081 503 1139 548 ad
1164 503 1317 565 ipsum
1343 501 1613 547 habendum

215 594 323 623 cum
364 592 443 633 eo,
487 576 546 620 ad
586 578 653 621 sui
693 578 887 622 exitium
922 588 965 623 et
1002 578 1142 623 totale
1177 578 1532 635 exterminium,
1564 587 1613 623 ut

215 668 355 715 supra
374 652 596 708 diximus,
626 653 930 699 vehementer
953 655 1225 712 anhelabat,
1251 666 1295 700 et
1324 655 1383 700 ad
1419 655 1466 700 id
1493 671 1613 701 asse-

216 728 481 789 quendum,
509 728 589 772 diu
614 739 866 791 antequam
904 731 1177 790 Burgundiae
1200 731 1291 776 dux
1316 731 1428 776 illud
1453 733 1613 794 exqui-

215 814 335 850 reret
357 814 435 849 aut
458 804 516 850 de
536 806 810 868 accipiendo
830 808 877 851 in
902 807 1255 851 matrimonium
1281 807 1379 868 ejus
1402 824 1613 853 sororem

215 882 463 942 cogitaret,
492 898 574 944 per
607 882 812 927 medium
843 884 912 927 sui
949 883 1134 927 comitis
1158 883 1216 927 de
1242 883 1465 927 [Vama-la
1494 885 1614 929 inul-

215 958 431 1020 tipliciter
462 957 721 1015 laborarat,
766 969 808 1003 et
847 975 942 1003 non
979 958 1038 1003 ad
1075 959 1220 1003 alium
1259 958 1401 1004 finem
1437 977 1526 1005 nec
1553 960 1613 1006 ad

214 1031 340 1075 aliud
378 1047 520 1093 quam
558 1041 636 1087 ut,
672 1031 905 1093 adjunctis
949 1048 1107 1077 secum
1148 1031 1402 1094 Anglorum
1436 1034 1614 1079 viribus

215 1119 354 1170 atque
379 1109 536 1161 armis,
566 1118 643 1153 aut
670 1109 832 1154 saltem
858 1108 1011 1154 ablata
1041 1109 1149 1154 duci
1177 1110 1454 1171 Burgundiae
1478 1122 1612 1156 caete-

216 1187 397 1247 risque,
432 1185 602 1247 quibus
635 1185 986 1242 inimicabatur,
1017 1187 1147 1231 omni
1172 1203 1253 1249 spe
1277 1203 1330 1231 ex
1356 1203 1502 1248 regno
1534 1189 1613 1233 illo

213 1261 383 1307 auxilia
413 1262 766 1323 consequendi,
801 1261 860 1306 de
889 1261 1068 1306 eisdem
1099 1278 1146 1306 se
1183 1262 1433 1320 ulciscens,
1459 1263 1519 1308 ab
1549 1264 1614 1308 eis

212 1355 391 1401 poenas,
422 1354 506 1400 pro
536 1337 668 1382 libito
687 1374 696 1392 ‚
723 1348 1014 1401 reposceret,
1043 1355 1219 1402 suaque
1244 1340 1302 1385 de
1333 1357 1501 1385 eorum
1529 1357 1615 1404 op-

212 1415 449 1477 pressione
473 1424 518 1460 et
542 1413 886 1460 calamitatibus
909 1416 1016 1462 odia
1042 1427 1344 1463 exsaturaret·.
1371 1420 1465 1463 Nec
1490 1420 1614 1464 enim

212 1490 341 1535 facile
365 1491 468 1552 quis
490 1491 761 1547 aestimaret,
784 1501 961 1554 quanto
983 1492 1205 1539 adversus
1226 1495 1380 1557 ipsum
1404 1499 1614 1558 Burgun-

213 1569 408 1614 dionum
424 1568 591 1614 ducem
610 1570 841 1632 praecipue
857 1569 1176 1633 reliquosque,
1195 1572 1276 1634 qui
1295 1572 1447 1618 eidem
1471 1573 1613 1619 foede-

214 1646 297 1691 rati
323 1646 527 1703 fuerant,
555 1646 869 1692 inardesceret
893 1647 1022 1692 odio.
1049 1650 1250 1694 Tantum
1275 1650 1401 1695 enim
1424 1659 1614 1713 tamque

212 1722 432 1768 acerbum
463 1722 549 1767 sibi
585 1724 758 1780 inerat,
796 1734 846 1769 ut
881 1725 1009 1770 nulla
1044 1726 1114 1771 sui
1151 1726 1349 1772 honoris
1382 1729 1615 1791 periclita-

210 1912 257 1936 ne
277 1897 446 1935 donnera
466 1898 609 1935 ausditz
629 1899 785 1949 Anglois
802 1898 916 1948 aydes
940 1912 986 1936 en
1006 1900 1108 1937 leurs
1129 1901 1316 1950 querelles
1338 1915 1434 1951 pour
1455 1903 1615 1940 envahir

211 1971 259 1995 ou
279 1957 550 2009 endommager
569 1971 665 1994 nous
685 1966 721 1994 et
743 1971 814 1994 noz
833 1958 975 2005 subjetz
997 1972 1043 1995 en
1065 1969 1192 1996 nostre
1212 1961 1424 2009 royaulme,
1447 1974 1494 1998 ne
1514 1963 1614 1999 aussi

210 2030 280 2053 noz
305 2030 394 2066 pays
422 2030 470 2052 ou
498 2018 716 2065 royaulme,
743 2026 778 2052 et
802 2029 850 2053 ne
878 2017 1036 2054 baillera
1066 2018 1199 2054 faveur
1225 2019 1271 2055 de
1301 2033 1430 2068 passer
1459 2034 1527 2070 par
1557 2034 1614 2058 ses

211 2089 303 2125 pays
320 2089 417 2125 pour
433 2088 657 2126 guerroyer,
677 2090 813 2126 grever
830 2090 879 2112 ou
899 2077 1008 2113 nuire
1028 2080 1048 2113 ἐι
1067 2091 1178 2123 nous,
1197 2091 1268 2114 noz
1290 2092 1382 2128 pays
1402 2087 1437 2115 et
1453 2079 1612 2126 subjetz‚

212 2149 258 2172 en
273 2149 419 2172 aucune
442 2136 624 2174 maniere.
653 2153 668 2168 n
689 2138 754 2179 Or,
772 2135 903 2185 depuis
922 2136 954 2173 le
976 2137 1083 2173 traite
1102 2137 1148 2174 de
1167 2141 1354 2183 Perenne,
1374 2138 1408 2175 le
1428 2139 1501 2175 duc
1516 2140 1616 2177 avait

211 2198 400 2232 contracte
421 2196 587 2232 d’autres
607 2195 785 2231 alliances
812 2195 895 2244 plus
916 2196 1067 2233 etroites
1086 2210 1178 2234 avec
1198 2198 1232 2234 le
1252 2198 1308 2234 roi
1330 2198 1612 2250 d'Angleterre‚

212 2254 311 2289 avait
337 2256 487 2306 accepte
514 2254 560 2290 de
588 2254 641 2289 lui
663 2253 802 2290 l'ordrc
829 2254 874 2289 (le
898 2254 933 2290 la
953 2256 1176 2303 Jarretiere,
1203 2257 1302 2292 avait
1325 2258 1483 2307 prescrit
1510 2260 1530 2294 a
1557 2271 1614 2295 ses

212 2325 303 2362 gens
321 2321 357 2349 et
377 2315 396 2349 a
421 2326 478 2350 ses
497 2313 636 2349 soldats
657 2312 702 2349 de
726 2321 853 2362 portet·
871 2315 905 2349 la
928 2314 1034 2351 croix
1056 2328 1187 2365 rouge,
1210 2315 1314 2365 signe
1336 2316 1382 2353 de
1403 2317 1616 2354 ralliement

211 2372 276 2407 des
296 2372 461 2421 Anglais.
486 2372 600 2408 Louis
623 2375 692 2417 XI,
715 2372 913 2408 articulant
932 2386 991 2409 ecs
1013 2374 1095 2410 faits
1115 2387 1189 2410 aux
1211 2375 1304 2412 e'tats
1324 2375 1371 2412 de
1389 2379 1523 2423 Tours,
1549 2386 1615 2427 put

211 2430 309 2466 (lone
331 2431 523 2476 conclure,
550 2444 641 2467 avec
663 2440 764 2467 toute
783 2444 994 2481 apparence
1018 2432 1064 2470 de
1085 2434 1227 2479 raison,
1250 2438 1367 2483 qu'on
1387 2448 1433 2471 ne
1453 2435 1506 2471 lui
1529 2449 1615 2486 gar-

212 2489 288 2525 dait
308 2502 372 2539 pas
391 2489 425 2525 la
445 2489 493 2525 foi
513 2489 677 2539 promise
692 2503 759 2538 par
775 2490 808 2525 le
825 2490 931 2526 traitt'·
949 2492 1121 2542 (Lenglet
1139 2494 1369 2543 Dufresnoy,
1391 2497 1612 2540 commines,

211 2556 234 2583 t¹
260 2550 333 2591 ΙΙΙ,
357 2561 393 2597 p.
419 2550 495 2594 77).
526 2548 555 2584 Il
579 2561 626 2584 ne
648 2548 769 2584 savait
788 2562 853 2598 pas
874 2557 966 2586 tout.
996 2553 1065 2587 Les
1090 2551 1312 2589 documents
1337 2553 1480 2602 anglais
1500 2553 1613 2588 reve-

212 2609 287 2644 lent
306 2621 400 2657 que,
426 2607 518 2645 dans
542 2608 593 2645 les
614 2608 783 2645 derniers
799 2608 905 2654 jours
926 2609 972 2646 de
993 2612 1092 2647 ‘1469
1106 2642 1114 2658 ,
1140 2604 1319 2648 Edouard
1341 2615 1389 2648 IV
1409 2611 1613 2649 concertait

212 2679 260 2703 un
280 2667 366 2715 plan
386 2666 640 2717 d'expcdition
660 2680 704 2704 en
724 2669 864 2704 France
879 2681 969 2705 avec
991 2669 1133 2720 l’appui
1149 2671 1199 2708 du
1215 2671 1288 2707 duc
1303 2670 1349 2708 de
1366 2673 1608 2722 Bourgogne.

211 2724 391 2775 Lingard‚
418 2729 580 2761 Histoire
599 2728 867 2774 clAngleterre‚
890 2736 916 2764 t.
940 2730 989 2776 II,
1012 2742 1044 2765 c.
1066 2743 1119 2765 ix.
