1923 3020
294 311 370 346 406
653 303 946 340 HISTORIARU
952 303 987 336 M
1016 302 1248 337 LUDOVICI
1275 301 1329 335 XI

291 398 409 443 datae
432 393 642 447 fuissent3
671 398 715 434 et
738 389 784 433 in
812 388 876 433 eis
897 387 1106 450 hospitio
1130 385 1412 450 recipiendis
1437 385 1694 450 plurimum

292 474 443 518 forent
474 468 759 527 fuissentque
788 465 932 525 longo
953 464 1051 524 jam
1081 473 1294 526 tempore
1318 463 1615 526 praegravati,
1644 474 1696 510 ut

292 550 350 594 de
382 548 470 591 illis
502 545 689 598 sileam,
728 557 933 603 quorum
968 540 1171 586 ecclesiae
1206 550 1251 586 et
1281 540 1497 598 decimas,
1532 550 1697 587 contra

292 640 485 670 omnem
509 622 776 684 aequitatem
802 627 846 662 et
863 618 1089 679 justitiam
1104 653 1114 673 ,
1142 618 1230 663 sub
1249 633 1408 662 annuo
1428 634 1568 663 censu
1590 632 1696 662 vec-

291 701 448 761 tigales
472 698 644 744 effectae
665 704 770 739 sunt
791 731 801 751 ,
825 710 986 739 earum
1008 694 1218 754 vectigali
1236 694 1283 738 in
1306 693 1402 739 sisci
1423 695 1602 739 ratione
1620 710 1696 739 or·-

291 777 472 822 dinaria
494 774 746 834 assignato.
773 769 865 814 Sed
891 779 935 815 et
955 769 1082 814 aliud
1108 769 1214 826 suit,
1242 769 1300 813 de
1319 786 1412 830 quo
1436 786 1531 814 non
1551 769 1697 815 modo

291 851 588 899 ecclesiastici
621 849 731 903 viri,
763 846 842 891 sed
868 856 913 891 et
943 863 1108 891 omnes
1135 845 1277 890 ferme
1301 846 1403 890 laici
1432 847 1699 906 gravissime

291 931 431 976 etiam
459 926 804 991 querebantur,
832 933 876 969 et
902 939 1096 984 magnas
1120 923 1259 983 vulgo
1284 921 1511 968 faciebant
1535 940 1698 985 quere-

292 1007 376 1054 laS.
411 1005 616 1052 Dederat
645 1002 772 1048 enim
797 1001 1016 1064 princeps
1039 998 1191 1061 (quod
1218 1008 1355 1044 antea
1379 1000 1425 1043 in
1459 999 1589 1044 terris
1614 1000 1701 1045 illis

296 1101 383 1130 nec
409 1092 671 1138 assuetum,
697 1095 786 1123 nec
821 1077 931 1123 alias
967 1076 1025 1121 de
1060 1076 1311 1120 hominum
1349 1078 1578 1121 memoria
1609 1076 1701 1122 fac-

295 1171 396 1206 tum
425 1159 562 1204 fuisse
594 1154 925 1214 affirmabant)
950 1154 1045 1197 sive
1080 1161 1197 1195 nutu
1225 1167 1312 1195 suo
1332 1186 1342 1206 ,
1370 1151 1489 1207 sive,
1516 1152 1703 1213 pessimi

296 1237 545 1283 hominum
571 1232 751 1295 generis
767 1240 909 1291 atque
929 1227 1203 1289 nequissimi
1224 1261 1235 1284 ,
1259 1242 1455 1271 suorum
1478 1218 1703 1273 adinven-

297 1314 426 1359 tione
452 1320 735 1374 quaestorum
754 1344 764 1364 ,
793 1305 1033 1368 superiore
1066 1319 1192 1348 anno
1215 1302 1437 1348 mandata
1465 1302 1522 1348 ad
1547 1305 1705 1366 exqui-

297 1388 497 1435 rendum
520 1403 603 1451 per
623 1400 788 1430 omnes
810 1392 957 1427 terras
981 1396 1086 1425 suas
1102 1416 1113 1438 ,
1137 1395 1241 1440 quae
1263 1379 1492 1436 ecclesiae,
1521 1396 1708 1426 monas-

297 1468 414 1512 teria
437 1483 519 1511 seu
541 1463 760 1524 collegia,
788 1469 867 1505 aut
891 1456 1259 1520 qualescumque
1285 1456 1512 1517 religiosae
1535 1456 1708 1504 domus

300 1555 342 1590 et
369 1542 641 1607 hospitalia,
671 1557 751 1586 seu
779 1538 867 1583 alia
895 1537 972 1600 pia
1001 1536 1106 1581 loca
1136 1535 1209 1580 vel
1242 1535 1527 1597 quicumque
1563 1535 1710 1581 eccle-

301 1622 471 1667 siastici
496 1620 644 1675 tituli,
684 1616 859 1679 aliquid
889 1613 1108 1678 praediale
1126 1651 1136 1668 ,
1163 1613 1236 1659 vel
1258 1629 1453 1658 censum
1486 1630 1566 1659 seu
1586 1614 1708 1659 redi—

301 1709 399 1744 tum
424 1713 658 1755 annuum,
687 1705 766 1740 aut
801 1692 928 1738 aliud
955 1689 1201 1754 quodlibet
1233 1690 1492 1753 temporale
1526 1692 1710 1737 noviter

301 1774 678 1837 acquisivissent,
715 1769 845 1834 quod
882 1784 980 1813 non
1014 1767 1343 1812 amortizatum
1375 1766 1620 1811 exstitisset
1645 1766 1712 1829 (et

302 1851 395 1896 hoc
411 1851 534 1896 circa
557 1865 708 1894 annos
731 1846 1069 1910 quinquaginta
1088 1844 1162 1889 vel
1186 1842 1461 1904 sexaginta),
1485 1843 1545 1888 ad
1570 1843 1712 1888 finem

302 1927 432 1989 quod
466 1925 861 1989 compellerentur
896 1931 1022 1968 extra
1060 1936 1255 1965 manum
1289 1930 1333 1964 et
1368 1920 1711 1982 possessionem

306 2004 507 2050 ecclesiae
552 1999 905 2065 hujuscemodi,
949 2013 1253 2060 quocumque
1293 1997 1516 2057 acquisita
1550 1996 1708 2055 titulo,

305 2080 399 2125 sive
423 2080 638 2143 priorum
671 2077 929 2123 donatione
949 2084 995 2120 et
1016 2074 1322 2119 concessione
1346 2072 1581 2128 fidelium,
1618 2075 1714 2120 sive

307 2155 436 2213 alias,
457 2155 714 2219 deponere,
733 2153 805 2198 vel
820 2150 1192 2198 amortizationis
1209 2150 1511 2195 constitutam
1530 2159 1573 2195 et
1591 2160 1716 2197 taxa-

311 2240 406 2276 tam
434 2231 701 2293 persolvere
726 2229 937 2294 pecuniae
972 2227 1297 2290 quantitatem.
1332 2230 1634 2290 Fueruntque
1656 2228 1716 2274 ad

309 2306 639 2368 hujuscemodi
669 2307 1018 2353 exsecutionem
1044 2303 1376 2349 mandatorum
1408 2305 1716 2350 commissarii

311 2383 545 2446 deputati,
573 2384 695 2446 proh
728 2381 892 2429 dolor!
924 2381 1064 2428 etiam
1091 2379 1150 2425 de
1173 2379 1486 2425 ecclesiastico
1510 2389 1657 2439 statu3
1692 2397 1717 2426 e

311 2460 510 2523 quibuS,
538 2470 766 2523 tanquam
791 2460 940 2523 iniqui
964 2476 1019 2504 ex
1042 2458 1212 2516 Israel,
1241 2458 1347 2502 satis
1379 2458 1554 2503 inventi
1582 2467 1713 2517 sunt,

311 2541 393 2603 qui
419 2539 589 2585 talibus
621 2539 929 2601 exsequendis
962 2538 1134 2600 iniquis
1158 2547 1203 2582 et
1230 2538 1460 2598 sacrilegis
1486 2537 1716 2583 mandatis

311 2627 624 2680 spontaneos,
663 2633 743 2680 spe
777 2615 1048 2679 przedandi,
1087 2631 1185 2659 sese
1230 2614 1479 2671 offerrent,
1517 2615 1716 2675 taliaque

311 2692 499 2738 obirent
532 2708 744 2738 munera.
788 2691 924 2753 Atqui
958 2699 1076 2752 quot
1113 2690 1273 2747 dolos,
1313 2700 1429 2752 quot
1462 2689 1717 2735 calumnias

313 2770 643 2833 variarumque
677 2778 942 2815 commenta
978 2767 1246 2829 rapinarum
1279 2768 1605 2828 exquisierint,
1638 2768 1717 2828 qui
