1923 3020
283 217 357 252 ³60
546 196 551 201 i
645 213 983 249 HISTORIARUM
1012 212 1246 248 LUDOVICI
1274 212 1327 247 XI

721 408 1061 453 CAPITULUM
1107 409 1249 452 XVII.

313 544 419 589 Quod
437 545 591 590 utrisque
606 545 746 591 regibus
762 553 793 578 et
811 545 926 590 regnis
941 545 994 578 hac
1010 553 1138 590 treugae
1154 545 1293 578 fuerunt
1312 544 1425 587 utiles,
1446 544 1504 577 sed
1525 544 1660 589 utrique

742 598 895 644 partium
916 611 1043 644 parum
1064 599 1231 632 honestae.

344 720 486 777 Quod
504 720 542 765 si
571 720 728 766 forsan
749 719 808 766 de
831 719 1106 782 hujusmodi
1132 718 1306 765 foedere
1325 736 1406 765 seu
1433 729 1594 782 treuga
1610 736 1693 765 no-

278 808 422 843 stram
456 798 815 843 aestimationem
848 814 931 843 seu
955 798 1231 860 opinionem
1255 797 1419 843 audire
1442 797 1692 859 quisquam

277 884 538 938 exspectet,
569 874 785 938 profecto
809 874 956 931 utilis,
985 884 1035 919 ut
1060 874 1227 936 vulgus
1250 873 1381 937 loqui
1403 873 1544 931 solet,
1574 875 1692 920 utri-

276 968 368 1014 que
390 951 592 1015 partium
616 951 755 996 fuisse
773 950 977 1011 videtur,
1002 967 1112 996 cum
1131 950 1308 1013 absque
1327 950 1551 1012 ambiguo
1570 968 1692 996 sem-

277 1044 453 1091 perque
468 1028 658 1091 ancipiti
675 1037 720 1072 et
738 1026 1004 1090 periculoso
1023 1027 1298 1085 certamine,
1317 1027 1457 1071 armis
1471 1027 1693 1089 utrinque

278 1104 548 1150 abstentum
579 1105 653 1163 sit,
691 1115 737 1150 et
772 1104 949 1166 absque
981 1104 1047 1148 cis
1079 1103 1361 1161 disces5um3
1403 1118 1566 1148 verum
1602 1104 1693 1149 utri

277 1182 434 1246 potius
458 1181 659 1244 ingloria
685 1181 932 1239 exstiterit,
961 1196 1059 1225 non
1087 1179 1220 1225 facile
1244 1179 1517 1225 dixerimus.

346 1262 532 1305 Poterat
557 1259 768 1322 quidem,
799 1268 849 1302 ut
873 1257 1086 1320 pluribus
1107 1256 1251 1303 videri
1278 1267 1452 1320 posset,
1480 1260 1694 1304 Franco—

277 1353 383 1380 rum
405 1353 501 1391 rex,
526 1335 779 1381 contractis
800 1335 937 1380 tantis
958 1335 1171 1397 equitum
1193 1333 1501 1398 peditumque
1524 1336 1690 1399 copiiS,

282 1412 454 1473 Anglos
485 1412 683 1476 pavidos
714 1421 759 1457 et
798 1411 918 1457 fame
946 1411 1212 1469 confectOS,
1242 1410 1409 1456 diebus
1436 1412 1598 1474 paucis
1634 1411 1694 1457 ad

280 1489 412 1534 famis
437 1499 694 1534 extremam
719 1487 974 1552 perductos
999 1488 1287 1551 angustiam,
1316 1487 1493 1551 absque
1519 1505 1693 1550 magno

280 1566 470 1627 negotio
507 1566 579 1611 vel
606 1565 866 1627 subegisse,
894 1566 967 1612 vel
994 1566 1305 1630 oppressisse,
1335 1582 1443 1611 cum
1478 1566 1692 1611 omnium

280 1659 435 1688 rerum
477 1652 523 1688 et
565 1642 625 1689 ad
672 1643 873 1702 victum,
907 1654 953 1689 et
993 1643 1052 1689 ad
1093 1643 1311 1689 bellicam
1343 1643 1693 1707 expeditionem

279 1731 656 1785 opportunarum
681 1723 722 1766 ei
746 1722 883 1785 copia
908 1721 1196 1781 abundaret,
1222 1721 1438 1767 hostibus
1461 1738 1574 1767 vero
1595 1738 1692 1767 non

282 1798 425 1843 modo
450 1797 579 1843 nulla
608 1797 710 1843 talis
742 1807 861 1843 esset
884 1799 1038 1861 copia,
1063 1798 1145 1843 sed
1170 1798 1272 1844 dira
1297 1799 1437 1844 etiam
1461 1807 1694 1862 premeret

279 1890 360 1919 eos
386 1875 657 1933 necessitas,
687 1875 983 1938 ampliusque
1012 1875 1145 1921 facile
1172 1876 1420 1930 tenuisset,
1448 1875 1486 1920 si
1515 1892 1611 1921 non
1638 1892 1694 1920 ex

281 1951 592 2009 abundantia,
621 1969 724 2015 quse
748 1953 935 1998 Francis
959 1961 1080 2010 erat,
1107 1969 1274 1998 eorum
1300 1952 1458 1998 fuisset
1479 1951 1694 2016 suppleta

282 2028 457 2090 inopia.
487 2031 643 2084 Quare
668 2029 839 2074 mirum
863 2030 973 2075 satis
994 2029 1144 2074 videri
1168 2039 1344 2092 potest,
1376 2030 1422 2074 in
1450 2039 1579 2075 tanta
1604 2046 1695 2092 op-

280 2105 568 2165 portunitate
604 2106 832 2163 victoriae,
871 2106 1119 2168 quomodo
1156 2107 1256 2170 ipse
1292 2109 1580 2151 Francorum
1613 2123 1694 2152 rex

279 2197 379 2226 sese
401 2183 495 2242 regi
522 2184 776 2245 Anglorum
803 2183 1102 2229 tributarium
1129 2183 1500 2245 vectigalemque
1525 2183 1692 2229 effece-

277 2258 359 2315 rit,
390 2259 465 2303 cui
491 2269 585 2304 tam
611 2261 814 2322 gloriosa
841 2262 1034 2307 victoria
1061 2262 1202 2307 veluti
1230 2270 1362 2324 parta
1387 2270 1432 2306 et
1458 2260 1691 2323 quodam-

282 2335 426 2381 modo
450 2336 497 2380 in
524 2337 739 2382 manibus
763 2337 927 2384 haberi
952 2337 1239 2384 videbatur¹.

354 2416 389 2458 E
427 2413 612 2459 diverso
658 2432 771 2460 vcro
822 2432 921 2461 non
962 2415 1095 2462 facile
1136 2415 1316 2477 detergi
1359 2432 1441 2460 seu
1481 2415 1690 2460 excusari

277 2501 432 2553 potest
483 2500 577 2537 tam
613 2491 755 2537 facilis
793 2502 839 2537 et
873 2503 971 2539 tam
1006 2503 1241 2557 pra=rupta
1277 2492 1535 2555 Anglorum
1571 2491 1690 2552 regis

330 2643 365 2677 1.
398 2643 449 2677 Le
470 2640 562 2677 recit
583 2640 628 2677 de
647 2641 863 2678 commines
886 2641 1032 2691 re'pond
1054 2655 1157 2679 assez
1181 2656 1255 2679 aux
1286 2641 1495 2689 objections
1518 2641 1564 2677 de
1583 2640 1688 2676 Tho-

275 2712 353 2737 mas
373 2700 499 2739 Basin.
522 2702 567 2747 Q.
593 2714 632 2740 v.
655 2702 872 2746 Me'moires,
895 2700 922 2740 l,
946 2703 1009 2745 IV,
1033 2715 1066 2737 c.
1088 2715 1157 2749 vn,
1181 2715 1274 2747 v111,
1297 2715 1351 2748 ix,
1375 2715 1397 2737 x
1419 2709 1454 2737 et
1473 2714 1524 2736 xi.
