1923 3020
697 273 835 306 LIBER
864 271 1088 317 QUINTUS.
1516 273 1581 305 :371

199 357 393 413 nissent‚
421 365 669 416 postquam
697 364 850 400 tamen
876 354 1047 400 dictam
1072 354 1291 400 infamem
1324 355 1591 417 pactionem

199 440 244 476 et
267 430 565 476 traditionem
589 430 695 475 fecit
723 430 865 486 illius,
897 432 976 493 qui
995 431 1053 476 ad
1078 448 1126 476 se
1149 431 1312 493 refugii
1336 440 1381 476 et
1399 440 1593 494 protec-

200 507 338 551 tionis
359 521 520 561 causa‚
547 515 591 550 et
614 505 700 550 sub
719 506 805 551 sibi
825 522 849 551 a
872 523 918 551 se
939 506 1206 568 plenissima
1221 543 1232 564 ,
1256 507 1322 551 uti
1346 505 1594 565 ferebatur,

201 582 442 627 securitate
468 582 665 644 praestita
681 618 692 639 ‚
719 582 1014 642 confugerat,
1043 584 1173 643 quasi
1198 584 1245 628 in
1271 583 1422 628 vicem
1445 599 1471 629 a
1490 600 1597 647 pro-

201 660 401 703 tectione
416 655 574 702 divina
589 657 835 702 derelictus
852 657 971 702 soret
989 658 1105 719 (qua
1120 669 1311 721 perante
1338 677 1365 706 a
1388 661 1600 706 maximis

202 748 320 794 saepe
358 741 403 776 et
432 731 725 778 evidentibus
756 731 972 794 periculis
998 733 1243 794 singularis
1282 735 1439 796 gratiae
1463 735 1601 781 donis

205 810 352 855 fuerat
374 818 533 853 erutus
558 825 610 854 ac
635 807 905 869 defensus),
927 808 1042 853 nihil
1057 810 1099 853 ei
1123 810 1325 856 faustum
1348 821 1391 857 et
1413 829 1603 876 prospe-

203 901 330 940 rum,
357 883 437 929 sed
462 884 621 928 omnia
645 900 775 946 paene
802 883 901 928 dira
932 899 986 929 ac
1017 885 1238 943 infausta,
1270 904 1415 949 usque
1448 888 1508 933 ad
1532 889 1601 933 sui

202 977 492 1023 suorumque
528 960 854 1006 exterminium
897 969 1036 1022 atque
1072 962 1470 1021 internecionem,
1503 982 1605 1011 eve-

203 1048 388 1083 nerunt.

267 1116 357 1161 Sed
379 1132 474 1161 nou
499 1132 555 1160 eo
582 1116 737 1160 minus
758 1114 1025 1160 notandum
1047 1114 1469 1180 detestandumque
1488 1121 1606 1180 regis

206 1194 377 1239 factum
400 1194 746 1252 existimamus,
773 1195 853 1255 qui
877 1192 1046 1237 ducem
1081 1192 1415 1255 Lotharingiae‚
1445 1197 1605 1259 utique

203 1270 439 1331 egregium
478 1270 762 1332 principem,
799 1284 941 1329 quem
979 1269 1039 1314 ad
1076 1268 1392 1315 deficiendum
1433 1288 1458 1316 a
1490 1273 1609 1318 duce

208 1346 481 1408 Burgundiae
513 1355 557 1391 et
595 1346 654 1391 ad
679 1362 784 1391 suas
815 1355 969 1408 partes
1005 1347 1346 1393 transeundum
1377 1349 1610 1411 quodam-

206 1423 349 1468 modo
373 1422 687 1486 compulerat,
715 1432 759 1467 et
782 1424 861 1485 qui
890 1424 984 1468 suis
1005 1423 1183 1469 viribus
1213 1424 1368 1470 eidem
1392 1426 1609 1472 inservie-

205 1510 299 1556 rat,
327 1499 472 1556 hosti,
515 1499 602 1545 sibi
639 1499 936 1544 infestissimo
974 1499 1096 1545 illius
1127 1501 1403 1547 defectionis
1436 1519 1602 1561 causa,

204 1575 534 1622 devorandum
557 1577 773 1639 exposuit
797 1585 936 1639 atque
961 1577 1187 1639 permisit.

269 1655 382 1709 Quae
407 1652 573 1715 procul
597 1652 746 1697 dubio
768 1654 1011 1716 pactiones
1035 1654 1134 1699 aliis
1159 1654 1332 1701 similes
1357 1656 1602 1715 videntur,

204 1746 307 1792 quae
330 1730 440 1775 olim
477 1729 596 1774 inter
632 1717 680 1774 se
715 1728 885 1775 habitae
926 1740 1058 1789 sunt,
1088 1747 1204 1793 quas
1239 1733 1533 1794 Tranquillus
1558 1735 1603 1780 in

206 1805 325 1850 libro
350 1804 557 1849 secundo
593 1804 652 1849 de
683 1805 940 1850 Caesaribus
974 1806 1167 1864 refert¹;
1205 1824 1230 1852 a
1265 1807 1435 1869 quibus
1464 1810 1604 1855 etiam

204 1882 348 1926 fertur
363 1879 436 1924 illa
452 1880 679 1943 prodiisse
694 1881 944 1941 sententia,
964 1898 1108 1944 quam
1130 1885 1430 1944 Augustinus,
1448 1905 1468 1926 <c
1485 1888 1607 1930 Con-

207 1967 273 2001 tra
298 1959 542 2014 Faustum‚
570 1976 590 1999 n
621 1957 841 2002 furiosam
866 1957 1069 2021 appellat
1099 1974 1109 2003 :
1148 1978 1169 2000 (ε
1203 1962 1401 2005 Pereant
1438 1963 1598 2020 amici,

208 2032 470 2078 dummodo
496 2049 588 2079 una
612 2033 871 2079 interierint
895 2035 990 2079 sive
1013 2044 1205 2096 pereant
1230 2035 1421 2081 inimici.
1450 2057 1471 2078 ))

693 2243 1027 2286 CAPlTULUM
1064 2244 1118 2286 ll.

356 2358 510 2399 Qualiter
526 2357 596 2391 dux
613 2358 822 2403 Burgundiae
838 2358 1099 2404 Lotharingiaui
1116 2359 1215 2394 facile
1232 2360 1453 2406 conquisivit.

272 2470 364 2513 'Pali
405 2471 542 2531 igitur
587 2471 701 2531 regis
747 2471 963 2533 pactione
1009 2470 1103 2516 dux
1150 2474 1425 2534 Burgundiae
1462 2476 1604 2524 fretus

222 2545 364 2606 &quod
387 2546 597 2591 videlicet
619 2547 713 2591 dux
736 2547 1039 2609 Lotliaringiae
1060 2549 1254 2594 minime
1278 2550 1394 2596 foret
1419 2552 1463 2597 in
1491 2562 1608 2600 treu-

266 2671 298 2704 l.
332 2667 501 2703 Allusion
522 2680 570 2704 au
594 2664 807 2705 triumvirat
837 2668 1034 2717 d’Octave,
1058 2672 1222 2708 Antoine
1249 2680 1284 2708 et
1306 2673 1471 2723 Lepide,
1500 2688 1608 2713 men-

212 2727 338 2763 tionne
357 2741 423 2777 par
445 2729 608 2765 stu-tone
626 2743 672 2764 au
693 2728 863 2779 chapitre
883 2742 953 2765 xm
976 2729 1022 2766 de
1040 2731 1075 2767 la
1096 2731 1156 2767 vie
1177 2731 1397 2783 d'Auguste.
