1923 3020
700 272 843 308 LIBER
883 269 1149 308 SECUNDUS.
1556 270 1570 305 1
1582 271 1630 306 19

227 358 350 405 bello
374 358 562 422 aggredi
599 369 644 405 et
676 375 785 404 cum
810 375 867 404 eo
906 357 1147 404 dimicare.
1187 356 1409 402 Nonnulli
1438 355 1628 419 quidem

226 436 384 481 conati
410 446 517 480 sunt
537 435 808 481 conflictum
837 434 897 480 ad
921 444 1195 496 sequentem
1221 433 1346 479 diem
1376 433 1527 478 facere
1546 432 1630 477 dif-

228 511 353 569 ferri,
382 527 438 556 eo
462 511 590 573 quod
615 512 721 574 equi
742 522 881 573 atque
908 510 1076 556 milites
1096 511 1201 556 lassi
1219 519 1263 555 et
1284 509 1455 571 fatigati
1479 508 1633 554 forent

226 604 280 632 ex
325 587 464 632 celeri
505 597 549 632 et
592 588 733 649 longa
779 589 1120 649 equitatione¹,
1169 588 1306 632 etiam
1347 586 1475 649 quod
1523 585 1632 632 solis

225 672 385 720 aestus,
414 663 494 725 qui
533 674 646 709 tunc
686 665 794 710 satis
829 663 1137 709 incalescebat
1168 664 1307 724 (nam
1334 663 1507 708 mensis
1529 663 1631 724 julii

226 739 361 801 erat),
386 749 431 784 et
448 739 665 785 homines
691 751 732 786 et
759 758 906 803 equos
931 741 1188 804 plurimum
1212 739 1511 801 aggravabat.
1541 739 1633 784 Sed

224 817 342 879 regis
366 833 590 862 accensus
619 819 817 864 nimium
846 819 891 863 in
923 817 1082 862 hostes
1119 816 1249 861 furor
1286 816 1332 861 id
1361 817 1631 880 permittere

225 909 316 939 non
338 895 509 957 potuit.

287 971 533 1034 Dispositis
580 972 738 1034 itaque
787 972 1005 1033 utrinque
1052 969 1267 1028 aciebus,
1314 969 1420 1015 satis
1467 971 1634 1016 acriter

221 1057 484 1110 pugnatum
508 1058 604 1106 est,
630 1048 834 1094 consusis
857 1058 1015 1094 tamen
1039 1056 1084 1092 et
1112 1047 1307 1091 minime
1332 1046 1524 1092 servatis
1551 1063 1628 1092 or-

221 1122 440 1180 dinibus,
468 1124 548 1170 sed
582 1141 635 1170 ex
670 1134 867 1186 utraque
902 1133 1033 1187 parte
1066 1139 1217 1186 pavor
1254 1132 1298 1167 et
1335 1131 1486 1167 metus
1522 1123 1630 1168 satis

223 1203 420 1265 turpiter
439 1212 484 1248 et
510 1204 822 1265 ignominiose
846 1202 1089 1267 perplures
1115 1202 1273 1264 fugam
1296 1200 1501 1262 arripere
1521 1215 1631 1244 coe-

221 1279 299 1341 git.
333 1282 395 1324 Ex
422 1281 540 1341 regis
564 1281 792 1336 exercitu,
822 1290 872 1325 ut
905 1279 1152 1334 ferebatur,
1184 1294 1344 1324 comes
1369 1278 1633 1321 Cenoman-

219 1357 335 1401 niae²
382 1367 425 1402 et
474 1357 696 1403 (lominus
732 1357 790 1403 de
826 1356 1212 1402 Mome-Albani³
1252 1371 1362 1399 cum
1404 1354 1632 1399 sexcentis

218 1432 290 1478 vel
314 1434 620 1496 septingentis
643 1434 842 1488 lanceis,
877 1433 1090 1478 hostibus
1114 1449 1202 1477 nec
1223 1432 1331 1477 visis
1354 1466 1364 1488 ‚
1391 1430 1480 1475 nisi
1510 1430 1630 1476 forte

219 1508 278 1553 de
297 1511 484 1572 procul,
515 1510 671 1572 fugam
699 1510 895 1572 turpiter
923 1518 1220 1572 acceperunt.
1257 1506 1478 1553 Similiter
1500 1516 1545 1551 et
1569 1506 1628 1552 de

223 1587 612 1648 Burgundionum
637 1587 838 1632 exercitu
863 1587 1148 1642 ferebantur,
1183 1595 1276 1631 tam
1307 1583 1364 1629 de
1391 1583 1628 1645 equitibus

218 1679 360 1726 quam
394 1664 453 1709 de
488 1663 749 1727 peditibus,
786 1663 892 1726 fuga
920 1664 1062 1727 elapsi
1097 1663 1217 1709 ultra
1251 1671 1455 1725 quatuor
1486 1660 1628 1705 millia

218 1740 450 1798 virorum3
479 1758 503 1785 e
529 1740 700 1803 quibus
732 1741 946 1804 profecto
981 1741 1114 1786 multi
1139 1741 1243 1786 caesi
1273 1739 1491 1802 captique
1528 1738 1626 1783 fue-

217 1827 350 1872 runt,
389 1828 482 1863 tam
518 1834 545 1863 a
575 1818 757 1863 rusticis
790 1818 970 1881 patriae,
998 1834 1140 1880 quam
1174 1817 1234 1863 ab
1266 1816 1454 1862 armatis
1490 1815 1627 1876 regiis

217 1895 298 1957 qui
327 1904 440 1940 tunc
465 1911 552 1958 pro
573 1894 786 1940 custodia
821 1895 1000 1940 Parisiis
1022 1905 1170 1941 erant.
1205 1894 1298 1950 Qui
1321 1909 1369 1938 se
1392 1908 1476 1955 per
1495 1908 1623 1937 cam-

215 1987 301 2034 pos
327 1971 573 2017 fundentes
608 1981 651 2017 et
688 1972 875 2028 vineas,
915 1971 1200 2035 fugientibus
1225 1970 1424 2033 graviter
1466 1969 1620 2014 immi-

216 2047 407 2094 nebant.

281 2127 331 2169 In
357 2141 411 2170 ea
442 2141 554 2169 vero
581 2141 684 2187 quae
708 2134 925 2169 conserta
950 2133 1016 2169 est
1039 2139 1198 2186 pugna
1215 2162 1226 2179 ,
1252 2123 1354 2186 ipso
1391 2122 1498 2167 loco
1532 2138 1620 2184 pu-

216 2217 339 2262 gnae,
388 2202 558 2246 mortui
601 2201 660 2246 de
708 2201 924 2263 utrinque
971 2201 1146 2245 inventi
1188 2209 1297 2245 sunt
1336 2215 1485 2262 prope
1524 2198 1621 2243 duo

217 2276 375 2322 millia.
411 2277 639 2323 Dicebant
672 2278 780 2339 regii
807 2277 964 2340 plures
987 2294 1011 2322 e
1036 2275 1451 2338 Burgundionibus
1470 2311 1481 2333 ,
1508 2278 1621 2321 Bur—

215 2354 478 2416 gundiones
503 2371 613 2399 vero
645 2371 667 2399 e
702 2355 889 2399 Francis
913 2354 1067 2416 plures
1100 2352 1338 2398 cecidisse.
1370 2352 1437 2398 lbi
1464 2362 1619 2399 autem

214 2429 370 2493 plures
406 2431 514 2492 equi
546 2448 654 2475 cum
692 2432 801 2475 viris
834 2430 1101 2493 interempti
1135 2439 1268 2489 sunt,
1306 2439 1351 2475 et
1383 2439 1481 2475 erat
1511 2429 1620 2474 satis

215 2507 514 2553 lamentabile
548 2508 672 2553 viros
707 2508 829 2553 inter
862 2523 1052 2553 acervos
1092 2523 1325 2570 equorum
1349 2515 1620 2571 peremptos

270 2646 306 2680 1.
338 2643 387 2679 Ils
408 2643 547 2679 etaient
570 2656 688 2680 venus
710 2643 755 2680 de
774 2643 884 2680 Riom
910 2656 956 2681 en
979 2643 1041 2680 dix
1059 2643 1178 2691 joui-s.

267 2705 304 2739 2.
337 2702 490 2739 Charles
508 2702 688 2749 ‹1’Anj0u‚
710 2711 831 2739 comte
851 2702 902 2739 du
922 2703 1060 2742 Maine.

269 2764 304 2798 3.
338 2764 430 2798 Jean
451 2762 497 2799 de
519 2762 763 2809 Montauban,
786 2762 917 2799 amiral
937 2762 984 2798 de
1005 2764 1161 2799 France.
