1923 3020
703 241 847 278 LIBER
875 242 1141 280 SECUNDUS.
1551 243 1565 276 1
1578 242 1627 277 43

223 329 372 374 tocius
407 336 642 374 maturare
675 327 840 387 vellet,
878 329 1084 375 maximo
1121 326 1344 373 omnibus
1379 326 1558 373 civibus
1584 336 1629 372 et

221 404 380 466 patriae
415 403 585 449 accolis
618 403 829 450 futurum
864 405 1031 450 solatio
1062 414 1107 450 et
1146 403 1388 467 przesidi03
1417 402 1629 465 nihilque

221 495 364 542 super
408 480 633 541 regimine
687 490 732 526 et
777 480 942 527 officiis
976 481 1230 544 provinciae
1268 480 1520 543 disponere
1556 479 1627 525 vel

221 555 474 601 decernere
496 556 656 613 vellet,
686 556 840 603 donec
854 593 866 616 ,
893 557 1053 603 habita
1071 573 1155 620 per
1176 558 1480 620 semetipsum
1501 555 1629 601 urbis

221 631 545 695 possessione,
587 649 696 679 suos
734 633 895 680 fideles
932 643 976 680 et
1008 634 1233 693 devotos,
1269 635 1351 696 qui
1386 634 1434 679 in
1460 632 1627 678 eadem

220 724 305 771 per
339 706 514 753 multos
541 709 637 770 jam
681 710 779 756 dics
820 728 957 756 suum
985 710 1253 772 jucundum
1292 709 1629 773 operiebantur

219 784 504 843 adventum,
531 785 794 833 audiendos
817 788 1048 847 duxisset3
1079 788 1160 849 qui
1185 804 1326 850 super
1349 787 1508 834 multis
1542 786 1628 832 sibi

220 878 274 908 ac
298 863 385 908 toti
409 863 569 926 patriae
603 864 912 912 saluberrima
935 863 1131 910 consilia
1154 863 1309 908 daturi
1333 874 1502 910 essent.

283 939 458 986 Volens
475 941 614 1003 igitur
635 941 734 1005 ipse
748 943 935 1004 juvenis
952 942 1173 1004 princeps
1191 940 1399 1003 optimus
1416 941 1629 1003 cupiens-

218 1032 311 1079 que
353 1017 448 1062 suis
489 1018 669 1064 civibus
710 1019 1032 1083 complacere,
1081 1017 1141 1063 ad
1181 1017 1443 1078 ingressum
1489 1035 1627 1063 suum

217 1092 467 1157 praefinivit
486 1094 628 1142 diem.
659 1099 812 1153 Quem
830 1133 841 1156 ,
867 1112 977 1142 cum
997 1094 1271 1140 observasse
1289 1093 1620 1153 desiderasset,

217 1170 654 1234 importunitatibus
677 1173 910 1219 malorum
944 1172 1199 1217 hominum
1223 1171 1418 1217 minime
1444 1171 1538 1217 hoc
1559 1172 1626 1217 ef-

217 1245 357 1294 ficere
380 1249 549 1312 potuit.
579 1249 788 1295 Tandem
810 1266 918 1295 cum
941 1266 1025 1313 per
1059 1248 1158 1294 dies
1190 1248 1389 1305 multos,
1419 1249 1626 1311 primum

217 1325 465 1385 Vernone,
495 1325 667 1372 deinde
691 1326 818 1390 apud
846 1324 1253 1385 Pontem-Archae,
1282 1324 1441 1370 suisset
1475 1341 1628 1370 remo-

218 1410 373 1459 ratus,
416 1402 476 1448 ad
512 1404 852 1449 monasterium
884 1407 1033 1449 Beatae
1071 1402 1355 1459 Catharinae,
1401 1401 1541 1446 situm
1579 1402 1625 1446 in

216 1479 391 1525 vertice
413 1481 589 1526 montis
613 1481 694 1544 qui
719 1481 956 1545 prominet
983 1480 1159 1526 civitati
1176 1482 1210 1538 ¹,
1238 1495 1347 1525 cum
1379 1478 1498 1524 duce
1528 1479 1625 1523 Bri-

218 1557 388 1602 tanniae
411 1559 619 1604 accessit.

282 1636 388 1690 Quo
424 1633 532 1680 loco
574 1651 683 1680 cum
714 1651 799 1698 per
832 1634 989 1698 plures
1025 1633 1148 1692 dies,
1189 1633 1627 1696 importunitatibus

217 1727 382 1756 eorum
408 1711 520 1773 qui,
546 1721 599 1757 ut
629 1711 858 1770 diximus,
887 1712 1029 1757 totius
1060 1710 1445 1774 patriaehonores
1464 1719 1509 1755 et
1525 1708 1628 1754 offi-

216 1787 289 1833 cia
313 1786 611 1844 ambiebant,
638 1789 778 1834 etiam
806 1787 1103 1846 substitisset,
1138 1787 1198 1834 ab
1220 1787 1292 1833 his
1314 1787 1396 1850 qui
1420 1804 1476 1832 ex
1494 1786 1626 1831 omni

218 1862 467 1925 provincia
506 1863 855 1926 Rothomagum
884 1874 1235 1922 convenerant,
1264 1862 1535 1908 solemniter
1557 1862 1626 1907 vi-

217 1939 380 1985 sitatus
396 1939 502 1998 suit,
534 1940 671 1986 taedio
697 1957 867 2003 magno
899 1940 1064 2004 procul
1092 1940 1240 1985 dubio
1265 1939 1466 1998 affectis,
1494 1937 1626 2000 quod

217 2033 384 2073 suum,
428 2026 523 2063 tam
558 2017 641 2063 diu
684 2017 1033 2075 desideratum,
1072 2016 1329 2063 retardaret
1364 2016 1412 2061 in
1452 2015 1623 2061 urbem

217 2095 495 2157 ingressum.
523 2096 720 2157 Fuitque
745 2094 1064 2141 consalutatus
1087 2111 1140 2140 ex
1162 2093 1321 2158 patriae
1347 2094 1516 2139 totius²
1538 2110 1625 2139 no-

217 2172 375 2231 mine,
403 2181 449 2217 et
473 2171 769 2217 orationibus
807 2170 1097 2217 solemnibus
1133 2169 1346 2229 duabus,
1384 2185 1548 2215 coram
1578 2186 1625 2215 se

216 2247 415 2308 habitis,
458 2265 543 2295 suo
589 2248 811 2295 adventui
850 2246 1246 2310 congratulatum.
1288 2245 1471 2302 Quibus
1515 2262 1625 2292 cum

218 2325 459 2372 interesset
479 2335 524 2371 et
543 2342 745 2390 praesens
766 2324 947 2370 adforet
971 2323 1066 2368 (lux
1089 2323 1359 2380 Britanniae,
1387 2339 1497 2368 cum
1520 2338 1626 2368 suo-

219 2417 325 2446 rum
358 2401 660 2447 multitudine
698 2402 810 2464 (qui
852 2410 981 2446 tanta
1026 2398 1286 2445 ambitione
1332 2398 1621 2462 flagrabant,

218 2477 277 2524 ad
310 2479 546 2524 custodias
580 2479 822 2525 civitatum
860 2475 1147 2541 oppidorum
1177 2485 1223 2522 et
1256 2485 1518 2523 castrorum
1541 2492 1626 2539 pa-

271 2603 289 2637 1
303 2631 313 2642 .
343 2599 696 2639 Sainte—Catherine
716 2599 768 2636 du
791 2601 910 2645 Mont,
932 2596 1139 2635 au-dessus
1157 2597 1204 2634 de
1223 2600 1371 2635 Rouen.

271 2661 308 2695 2.
339 2661 392 2696 Le
418 2671 489 2698 ms.
522 2659 648 2706 ajoute
670 2662 882 2707 provinciae,
905 2657 971 2707 qui
996 2665 1051 2694 est
1072 2657 1107 2694 la
1128 2659 1252 2695 meme
1273 2658 1386 2695 chose
1401 2668 1476 2706 que
1487 2659 1622 2704 patriae

219 2723 340 2757 totius.
