1923 3020
286 251 357 285 174
642 249 975 283 HISTORIARUM
1002 249 1235 285 LUDOVICI
1263 251 1318 285 XI

286 335 529 392 machinis,
559 332 732 378 vexillis
755 342 799 377 et
821 332 1089 391 ordinibus,
1116 334 1455 392 existimarant,
1484 333 1675 381 obsesso

285 411 439 457 adbuc
475 408 676 472 oppido,
712 410 986 471 tempestive
1022 426 1158 472 posse
1194 409 1398 473 praebere
1433 426 1678 458 succursus

284 487 468 543 solatia,
495 495 539 530 et
561 487 606 530 in
631 502 840 548 campos,
866 486 990 531 velut
1015 487 1272 549 potentiam
1294 487 1680 549 Burgundionum

283 563 405 608 bello
428 563 708 624 aggressuri,
735 563 958 608 exierant.
984 563 1184 620 Quibus,
1210 564 1434 609 exstincto
1457 574 1503 609 et
1525 565 1679 610 exciso

283 640 477 703 oppido,
499 639 686 684 illustris
709 656 868 685 comes
887 639 945 685 de
963 640 1220 696 Clzmvlm‘s,
1242 650 1372 704 patre
1396 658 1481 686 suo
1505 642 1552 687 in
1577 651 1678 687 tuto

283 716 433 761 locato
458 716 558 778 (qui
586 716 632 760 in
664 715 773 760 sella
802 717 1052 777 gestatoria
1075 717 1133 762 ad
1159 717 1475 763 obsidendum
1500 719 1680 764 Dinan-

282 802 382 837 tum
406 809 454 837 se
477 792 645 837 deferri
669 791 873 852 fecerat),
895 809 1003 838 cum
1027 793 1175 856 copiis
1196 794 1289 838 suis
1310 794 1570 857 intrepidus
1590 794 1680 840 ob-

283 870 403 914 viam
427 869 571 914 venit.
595 868 704 924 Sed,
729 869 795 913 uti
814 868 943 927 alias,
968 870 1132 914 animis
1152 879 1289 931 atque
1309 870 1484 915 viribus
1506 886 1680 933 pavore

283 945 471 1001 desecti,
499 945 557 989 ad
588 945 839 1007 petendam
866 945 1096 1008 supplices
1118 946 1326 1001 reniam,
1352 956 1397 992 et
1421 963 1513 992 suae
1534 957 1680 992 teme-

283 1023 427 1067 ritatis
445 1031 583 1084 atque
605 1021 979 1084 praesumptionis
998 1021 1353 1082 indulgentiam,
1374 1039 1472 1068 sese
1487 1039 1680 1069 conver-

283 1108 455 1144 terunt.
484 1099 726 1161 Sapienter
752 1098 960 1160 quidem.
990 1101 1105 1143 Nam
1130 1098 1167 1142 si
1192 1098 1251 1143 ad
1275 1108 1509 1144 certarnen
1534 1117 1680 1163 usque

282 1176 619 1238 pervenissent,
641 1174 950 1219 verisimiliter
967 1174 1026 1218 de
1041 1174 1165 1236 ipsi5‚
1187 1175 1264 1236 qui
1286 1175 1463 1236 majore
1481 1187 1680 1239 exparte

284 1254 486 1298 inermes
517 1251 848 1315 pedestresque
893 1260 1046 1309 erant⁷
1089 1260 1313 1313 tanquam
1346 1252 1404 1297 de
1433 1253 1681 1315 pecoribus

286 1329 551 1383 occisionis,
577 1337 748 1389 strages
773 1329 936 1388 ingens
960 1335 1003 1371 et
1026 1343 1254 1371 caesorum
1280 1330 1431 1373 acervi
1457 1330 1547 1374 acti
1571 1330 1681 1375 fuis-

285 1416 402 1452 sent.
429 1409 542 1451 Eam
566 1421 678 1449 vcro
703 1405 813 1449 dare
837 1420 975 1449 senex
999 1404 1073 1449 ille
1099 1404 1339 1467 Philippus
1363 1405 1677 1466 dissuadebat,

285 1498 448 1527 eorum
478 1479 746 1543 perfidiam,
781 1481 1015 1524 levitatem
1044 1489 1088 1524 et
1120 1481 1449 1542 procacitatem
1479 1482 1526 1526 in
1551 1482 1681 1544 jacu-

286 1558 436 1603 landis
465 1556 650 1620 probris
680 1565 722 1600 et
754 1556 1050 1601 contumeliis
1079 1573 1162 1619 per
1193 1555 1418 1619 plurimas
1446 1558 1568 1604 vices
1605 1575 1682 1604 ex-

287 1644 467 1697 pertus,
499 1633 581 1695 qui
610 1648 794 1694 semper
817 1632 984 1695 perfidi
1014 1642 1153 1695 atque
1184 1633 1407 1696 foedifragi
1434 1651 1532 1680 esse
1567 1651 1682 1682 con-

284 1711 559 1756 suevissent.
581 1712 645 1755 Cu
655 1708 829 1772 piebat‚
845 1726 954 1754 cum
972 1720 1238 1772 opportune
1257 1711 1303 1755 in
1322 1711 1491 1773 patulis
1509 1713 1684 1776 campis

284 1787 455 1850 reperti
470 1796 637 1842 essent,
656 1787 714 1831 de
729 1803 810 1831 sua
827 1786 1185 1849 pe1·ficlia(quod
1201 1796 1366 1832 contra
1375 1797 1680 1847 sacramenta,

285 1866 454 1910 totiens
477 1880 502 1909 a
531 1880 578 1909 se
609 1864 810 1927 praestita
838 1872 879 1908 ct
906 1864 1036 1922 data,
1065 1863 1374 1926 sigillatasque
1397 1880 1548 1927 nuper
1574 1879 1682 1911 cau—

283 1943 433 1987 tiones
462 1941 721 2001 venissent)
751 1957 914 2004 poenas
947 1950 991 1986 et
1024 1939 1251 2003 supplicia
1281 1940 1434 1986 debita
1480 1942 1678 2004 reposci.

285 2018 375 2062 Sed
411 2017 716 2063 nihilominus
749 2016 935 2061 illustris
971 2016 1093 2061 illius
1129 2018 1313 2061 comitis
1349 2016 1407 2061 de
1443 2016 1685 2062 Char-oloe's

285 2095 387 2157 pius
411 2105 454 2139 et
483 2095 687 2139 clemens
715 2097 921 2151 animus,
955 2094 1015 2139 ad
1045 2094 1414 2140 misericordiam
1440 2094 1594 2156 potius
1617 2103 1685 2139 est

284 2171 502 2227 inflexus,
537 2181 702 2231 agente
732 2171 990 2234 plurimum
1014 2180 1058 2216 et
1087 2188 1174 2234 pro
1201 2171 1310 2234 ipsis
1335 2171 1513 2216 miseris
1538 2171 1684 2216 inter-

285 2247 498 2292 veniente
531 2248 700 2292 comite
732 2247 1069 2305 Sancti-Pauli,
1103 2249 1182 2309 qui
1213 2257 1312 2293 tum
1341 2247 1494 2292 adhuc
1524 2246 1611 2293 sibi
1637 2247 1684 2292 in

285 2340 371 2369 suo
396 2324 599 2369 exercitu
625 2324 887 2370 militabat¹.
914 2328 1032 2370 Data
1056 2333 1123 2370 est
1146 2324 1301 2386 itaque
1325 2324 1434 2386 ipsis
1458 2323 1614 2382 venia;
1641 2331 1687 2368 et

286 2404 395 2465 quia
436 2404 481 2447 in
528 2403 818 2448 exsolutione
863 2414 1006 2466 pactae
1047 2413 1240 2467 perante
1283 2403 1491 2466 pecuniae
1531 2419 1687 2449 moras

341 2545 376 2579 ¹1.
409 2542 522 2578 Louis
548 2541 594 2577 de
624 2540 920 2590 Luxembourg,
949 2542 1116 2591 quoique
1149 2557 1298 2593 pourvu
1336 2544 1383 2580 de
1414 2543 1449 2580 la
1478 2543 1617 2594 charge
1640 2543 1687 2581 de

287 2600 512 2637 connetablc
535 2599 582 2636 de
611 2601 753 2635 Franco
784 2601 860 2634 lon-s
892 2599 938 2635 de
970 2601 1003 2635 la
1036 2602 1149 2638 curce
1174 2601 1238 2639 des
1264 2603 1387 2651 places
1411 2604 1459 2638 οὺ
1484 2601 1629 2639 aboutit
1651 2602 1685 2638 la

286 2672 422 2711 guerre
443 2659 492 2695 du
522 2659 614 2695 Bien
646 2657 793 2707 public,
824 2670 869 2692 ne
900 2657 1037 2693 laissait
1066 2672 1130 2707 pas
1155 2660 1201 2695 de
1222 2661 1342 2697 servir
1363 2673 1500 2697 encore
1519 2660 1610 2696 dans
1632 2660 1686 2696 les

287 2719 431 2755 armees
454 2717 802 2768 bourguignonnes.
