1923 3020
719 275 860 310 LIBER
891 275 1032 310 PRIMt
1049 274 1085 308 S.
1553 275 1601 308 45

278 364 366 407 Rex
385 377 496 406 vero
513 364 708 406 Januam
729 360 813 406 sibi
830 359 1046 406 rebellem
1068 368 1111 405 et
1129 360 1320 405 minime
1339 368 1597 422 parentem,

212 447 348 500 atque
380 440 635 498 Sagouam,
674 453 815 500 quam
860 436 1066 494 tenebat,
1100 436 1192 498 juri
1227 435 1436 498 ejusdem
1470 435 1602 481 ducis

212 514 344 558 cessit
379 524 606 577 perpetuo
644 512 884 558 habendas
934 529 986 558 ac
1032 511 1362 575 possidendas,
1403 513 1601 557 interve-

212 589 445 634 nientibus
470 590 854 652 promissionibus
878 606 959 652 per
989 605 1102 651 quas
1131 589 1225 649 regi
1260 587 1384 633 idem
1415 588 1509 633 dux
1545 588 1602 634 (le

213 676 338 711 certo
373 667 572 712 militum
609 684 830 724 numero,
863 666 1053 728 quando
1086 666 1132 711 id
1166 674 1462 728 exposceret,
1503 667 1604 729 opi-

212 745 347 789 tulari
370 754 413 789 et
434 745 604 790 servire
623 755 854 790 teneretur
870 746 896 787 ¹.
923 742 1173 788 Ferebatur
1197 744 1319 788 enim
1342 752 1385 788 et
1407 742 1604 788 voluisse

211 821 486 866 comitatum
525 825 761 866 Astensem
795 820 1004 864 similiter
1039 818 1191 864 eidem
1239 818 1346 863 duci
1386 819 1598 876 cessisse,

213 896 296 941 nisi
321 897 366 941 in
400 898 688 942 contrarium
720 895 1114 942 Aurelianensium
1138 894 1256 947 duit,
1285 895 1343 940 ad
1379 912 1517 957 quem
1549 912 1602 940 ex

215 983 421 1018 materna
445 975 735 1019 successione
752 976 763 996 ²
789 972 1064 1036 pertinebat,
1090 971 1342 1017 obstitisset
1366 981 1504 1034 atque
1532 989 1602 1017 re-

213 1048 466 1095 clamasset.
506 1054 604 1094 Hoc
641 1051 793 1112 itaque
827 1049 969 1094 modo
1002 1049 1171 1094 ducem
1208 1046 1486 1104 Mediolani,
1529 1048 1603 1092 cui

213 1128 350 1191 paulo
384 1139 489 1174 ante
520 1127 696 1173 bellum
730 1144 778 1172 se
802 1126 1038 1172 illaturum
1063 1142 1136 1170 rex
1162 1125 1259 1188 ipse
1282 1124 1447 1169 minari
1472 1134 1603 1187 puta-

211 1202 362 1263 batur,
394 1222 490 1249 non
530 1204 674 1249 modo
702 1203 867 1249 talibus
892 1203 1027 1248 minis
1049 1200 1318 1259 liberatum,
1349 1199 1431 1246 sed
1458 1209 1502 1245 et
1530 1203 1604 1245 Ja-

215 1297 357 1326 uuam
381 1291 424 1325 et
448 1284 703 1342 sagonam,
733 1297 834 1342 quae
858 1279 974 1324 ultra
997 1294 1147 1324 annos
1170 1277 1354 1340 triginta
1378 1293 1403 1322 a
1427 1276 1602 1321 ducum

214 1357 628 1402 Mediolanensium
655 1356 902 1402 dominatu
927 1355 1240 1412 desciverant,
1281 1369 1365 1399 suo
1406 1354 1602 1416 imperio

212 1443 394 1479 constat
429 1434 566 1479 fuisse
600 1434 845 1479 restitutas.
881 1435 994 1478 Nam
1021 1435 1167 1478 Janua
1191 1430 1409 1492 quidem,
1450 1447 1551 1493 quae
1580 1447 1605 1477 a

214 1513 494 1556 Francorum
513 1511 743 1556 defecerat
767 1510 980 1573 imperio,
1002 1508 1185 1564 (lamio,
1210 1507 1353 1570 ipsius
1378 1507 1603 1552 Ludovici

210 1598 363 1650 patre,
402 1587 556 1633 adhuc
598 1588 779 1632 vivente
795 1588 823 1643 ³,
860 1596 966 1650 post
1007 1586 1103 1631 haec
1142 1583 1317 1630 foedera
1361 1583 1512 1628 libens
1556 1586 1602 1629 in

210 1664 565 1710 Mediolanensis
589 1664 719 1709 ducis
746 1664 971 1710 concessit
998 1662 1244 1708 ditionem.

657 1884 989 1927 CAPITULUM
1026 1885 1144 1927 Xlll.

254 2016 409 2058 Qualiter
431 2027 489 2048 rex
506 2015 716 2047 Britanniam
736 2014 947 2047 Arnim-icam
966 2014 1113 2047 visitavit
1137 2022 1169 2047 et
1192 2026 1269 2046 cum
1296 2012 1384 2046 duce
1404 2013 1555 2057 ejusdem

475 2069 685 2101 simultatum
704 2076 735 2100 et
752 2067 972 2100 dissensionis
988 2078 1127 2100 causam
1144 2065 1335 2099 adinvenit.

273 2188 474 2248 Contigit
509 2196 663 2232 autem
700 2195 748 2230 ut
782 2184 1069 2241 Ludovicus,
1097 2193 1344 2247 postquam
1383 2185 1510 2245 regni
1536 2185 1606 2229 sui

210 2265 449 2328 pacificam
475 2264 711 2309 habuisset
746 2263 1087 2324 possessionem
1106 2299 1115 2317 ‚
1143 2278 1196 2307 ex
1221 2263 1419 2306 Turonis
1446 2266 1606 2307 Armo-

264 2404 298 2438 1.
330 2401 454 2437 L'acte
474 2400 520 2437 de
541 2407 634 2436 cette
654 2399 816 2445 cession,
844 2398 947 2449 signc‘
968 2400 988 2434 ii
1008 2398 1157 2434 Novion
1178 2399 1264 2448 pres
1285 2396 1544 2444 d'Abbeville,
1573 2397 1605 2434 le

209 2460 256 2495 22
271 2458 468 2495 decembre
482 2460 595 2503 1463,
619 2466 673 2494 est
693 2471 742 2493 un
759 2456 832 2494 hail
855 2459 875 2493 a
892 2455 1210 2494 fiefliereditaire.
1234 2455 1263 2492 Il
1282 2455 1432 2505 specilie
1453 2454 1607 2491 l'inves-

208 2517 318 2553 titure
339 2517 485 2553 donne-e
506 2517 538 2553 le
564 2518 684 2552 meme
699 2517 787 2561 jour
805 2529 851 2552 au
869 2515 1045 2565 seigneur
1062 2515 1238 2552 Alberico
1262 2515 1429 2559 Mallem,
1448 2513 1605 2562 delegue

209 2575 258 2611 du
278 2575 349 2611 duc
369 2576 414 2612 de
434 2576 549 2612 Milan
568 2584 602 2610 et
622 2575 667 2611 de
687 2576 987 2612 Blanclie—Marie
1002 2606 1010 2622 ,
1033 2589 1070 2612 sa
1092 2575 1244 2613 femme.
1265 2577 1526 2610 Onlnmzanoes
1543 2577 1605 2610 iles

208 2636 278 2669 mis
294 2636 339 2669 cle
358 2637 512 2679 Franco,
534 2643 558 2671 t.
582 2636 666 2669 XVI
680 2664 689 2680 ‚
713 2647 748 2683 p.
776 2636 862 2670 146.

260 2695 298 2731 2.
330 2693 358 2729 ll
379 2694 485 2744 s'agit
503 2693 548 2729 de
571 2693 724 2730 Cliarles
743 2693 960 2739 d’Orleans‚
986 2693 1041 2729 fils
1063 2693 1108 2729 de
1132 2692 1327 2729 Valentine
1349 2690 1395 2727 de
1420 2690 1545 2727 Milan.

262 2755 298 2790 3.
332 2758 386 2789 Au
407 2761 727 2789 commencement
749 2752 793 2789 de
814 2753 961 2789 l'annee
984 2755 1099 2789 1461.
