1923 3020
680 218 823 253 LIBER
852 217 1091 263 QUARTUS.
1514 221 1586 255 335

188 303 421 362 servabat,
445 304 712 367 caeterisque
738 306 876 350 ctiam
898 305 1085 368 oppidis
1114 304 1317 351 ecclesiae
1338 305 1588 351 Colonien-

189 382 266 427 sis.
301 380 625 427 Causabantur
657 399 827 445 nempe
851 383 1004 446 ipsum
1032 383 1462 447 archiepiscopum,
1491 399 1587 428 non

189 468 239 504 ut
276 467 457 521 patrem
501 468 546 503 et
589 469 851 521 pastorem,
892 459 1170 506 dominandi
1211 459 1413 521 legitime
1451 476 1589 505 usum

190 543 433 597 potestate,
467 534 545 578 sed
573 536 699 594 regio
722 552 854 581 more
879 553 956 581 seu
985 538 1140 599 potius
1171 537 1436 597 tyrannico,
1463 536 1589 582 nulla

191 610 281 655 fide
313 620 452 671 atquc
481 610 656 670 justitia
686 613 877 656 servatis
915 612 1111 657 subditis
1142 613 1371 671 ecclesiae,
1399 628 1484 675 pro
1508 629 1591 658 sua

188 685 406 745 libidine,
450 686 497 730 in
539 702 658 747 quos
704 685 912 733 libuisset
958 689 1118 733 saevire
1164 688 1389 745 voluisse,
1427 705 1590 734 eorum

188 760 426 807 abutendo
450 761 731 824 corporibus
764 772 904 824 atque
928 763 1081 808 bonis.
1121 763 1273 820 Unde,
1311 764 1477 810 talibus
1514 781 1591 811 oc-

188 854 374 883 currere
392 837 632 883 studentes
646 838 882 901 periculiS‚
904 838 963 884 ab
982 839 1081 899 ejus
1100 856 1147 884 se
1162 839 1339 884 ditione
1363 839 1593 886 abstraxe-

188 924 292 960 rant
316 924 361 960 et
384 931 483 961 sese
502 916 548 961 in
569 932 717 960 unum
736 931 843 960 cum
865 915 1108 960 nobilibus
1140 925 1186 961 et
1214 916 1403 979 oppidis
1434 918 1594 981 patriae

188 990 479 1053 colligarant.
514 994 569 1035 Et
608 992 718 1053 quia
758 991 1147 1053 Burgundionum
1182 992 1299 1046 dtm,
1334 996 1412 1055 qui
1450 994 1592 1057 paulo

188 1079 314 1123 ante,
349 1070 415 1114 uti
447 1069 707 1125 retulimus,
736 1068 1011 1133 [Geldriam]
1035 1070 1367 1131 conquisierat,
1400 1081 1595 1134 propter

190 1146 401 1208 ejusdem
424 1162 642 1207 magnam
669 1146 929 1208 potentiam
957 1155 1096 1208 atque
1123 1146 1342 1191 viciniam
1364 1156 1593 1193 terrarum

188 1238 405 1279 suarum,
448 1222 560 1285 ipsis
596 1237 768 1283 magno
805 1222 972 1266 terrori
1007 1231 1148 1283 atque
1185 1222 1426 1267 formidini
1465 1233 1592 1281 erat,

189 1299 316 1360 quod
349 1299 489 1344 etiam
523 1299 695 1343 scirent
728 1297 1137 1361 archiepiscopum
1163 1315 1325 1357 suum,
1357 1300 1421 1344 eis
1445 1300 1594 1344 infen-

188 1392 318 1435 sum,
354 1375 532 1421 malum
574 1375 634 1420 ad
663 1391 744 1419 eos
778 1375 990 1420 animum
1027 1375 1303 1434 observare,
1343 1392 1442 1421 sese
1488 1386 1596 1422 ante

188 1453 486 1513 ingruentem
509 1452 834 1497 necessitatem
859 1452 1119 1515 prudenter
1134 1462 1273 1515 atque
1291 1452 1597 1516 providenter

187 1530 468 1592 praemunire
500 1538 746 1587 curarant,
783 1545 1016 1592 suumque
1054 1529 1287 1593 oppidum
1323 1531 1458 1588 vino,
1497 1530 1596 1575 fru-

189 1615 349 1651 mento
375 1607 647 1669 caeterisque
663 1606 722 1652 ad
737 1607 914 1651 victum
929 1607 1201 1652 necessariis
1222 1617 1364 1670 atque
1380 1607 1470 1666 his,
1494 1623 1596 1669 quae

188 1698 275 1744 pro
310 1683 476 1746 oppidi
510 1684 582 1729 sui
614 1684 910 1746 protectione
944 1699 997 1729 ac
1031 1684 1293 1729 munimine
1325 1694 1597 1747 opportuna

189 1758 608 1819 existimave1·ant¹‚
635 1759 884 1823 opulenter
907 1770 952 1805 et
982 1761 1174 1823 copiose
1202 1761 1528 1824 impleverant.

255 1835 323 1880 Ad
362 1852 505 1898 quam
545 1853 646 1881 rem
684 1836 824 1881 etiam
861 1836 1168 1881 Colonienses
1208 1853 1288 1881 eos
1338 1836 1596 1899 plurimum

190 1914 446 1959 amicarant
491 1913 689 1959 consilio
741 1923 785 1959 et
828 1913 1047 1976 juverant
1092 1914 1284 1959 auxilio.
1340 1917 1457 1960 Nam
1503 1931 1598 1960 una

189 2005 297 2034 cum
321 1989 581 2051 lantgravio
602 1991 813 2047 Hassiae‘2‚
837 2007 979 2052 quem
1002 1990 1142 2035 veluti
1167 1991 1596 2037 administratorem

192 2070 522 2131 temporalium
550 2069 752 2115 ecclesiae
777 2069 1073 2114 Coloniensis
1107 2068 1425 2128 adsciverant,
1453 2081 1499 2116 et
1526 2072 1596 2118 fu-

192 2150 347 2189 turum
372 2145 699 2190 desiderabant
724 2144 1132 2208 archiepisct‘mum
1153 2148 1335 2205 5uum3,
1357 2148 1393 2192 si
1416 2149 1594 2211 potuis·

192 2230 292 2266 sent
317 2221 481 2268 alium⁴
515 2238 812 2284 quacumque
848 2222 893 2266 vi
927 2221 999 2267 vel
1031 2233 1133 2269 astu
1162 2223 1415 2287 depellere,
1453 2226 1596 2272 collo-

245 2385 282 2421 1.
318 2386 531 2431 Opportune
550 2387 826 2422 exz'stitmwerat
846 2385 939 2423 (lans
959 2386 993 2424 le
1018 2399 1086 2424 ms.

245 2444 282 2477 ⁹2.
316 2443 433 2479 llcnri
448 2473 455 2487 ,
480 2444 687 2493 landgrave
708 2444 753 2480 ‹lc
774 2447 905 2481 Hesse.

247 2503 282 2538 3.
316 2504 412 2538 C'est
429 2505 609 2549 Hermam,
637 2503 734 2540 frere
754 2503 804 2539 du
829 2503 1035 2554 landgrave
1055 2504 1101 2541 de
1122 2507 1254 2551 Hesse,
1273 2514 1308 2542 et
1329 2519 1403 2543 non
1425 2507 1461 2544 le
1484 2508 1594 2545 land-

191 2572 307 2610 grave
338 2561 546 2607 lui-nieme,
569 2575 642 2611 que
671 2563 724 2599 les
752 2562 940 2599 habitants
961 2563 1008 2600 de
1033 2563 1201 2614 Cologne
1230 2566 1454 2615 opposaient
1475 2570 1493 2603 a
1514 2570 1592 2605 Ro·-

192 2618 275 2655 bert
299 2618 346 2656 de
366 2620 537 2658 Baviere.

246 2680 282 2715 4.
315 2677 562 2715 C'est-a-dire
584 2678 725 2716 Robert
745 2680 791 2716 de
811 2680 981 2717 Baviere.
