1923 3020
323 203 395 237 326
680 198 1017 233 HISTORIARUM
1045 198 1279 233 LUDOVICI
1305 199 1359 233 XI

319 289 548 352 copulatae
571 296 713 347 atque
734 282 944 342 firmatae,
967 283 1179 347 profecto
1202 283 1309 329 licet
1332 285 1379 329 in
1401 285 1557 331 multis
1582 303 1717 350 saepe,

321 377 419 412 tum
458 363 658 408 maxime
693 361 985 407 verificatum
1012 362 1162 424 patuit
1192 380 1200 406 :
1237 361 1369 423 quod
1401 378 1531 407 sacer
1554 363 1723 409 cecinit

317 442 523 505 psalmus
551 457 560 484 :
593 459 614 481 <c
652 440 803 484 Nolite
827 438 1068 484 confidere
1101 438 1147 482 in
1183 437 1473 501 principibus
1498 455 1650 500 neque
1675 440 1723 485 in

318 518 422 563 filiis
458 517 737 575 hominum,
774 517 821 560 in
854 515 1027 578 quibus
1074 530 1169 559 non
1208 524 1277 560 est
1305 514 1445 560 salus.
1493 535 1514 556 ³>
1558 514 1722 561 Subito

317 610 518 658 nempe,
559 610 669 639 cum
705 602 835 639 tanta
872 594 990 637 inter
1026 609 1075 637 se
1109 591 1361 651 charitate,
1396 591 1725 638 benevolentia

316 684 456 736 atque
480 673 684 719 amicitia
708 673 946 718 conciliati
980 673 1348 727 {estimarentt1r3
1387 689 1494 718 cum
1518 688 1614 718 una
1651 681 1724 718 to-

316 751 435 795 tiens
471 751 517 795 in
558 750 788 795 conviviis
820 748 1226 812 splendidissimis,
1267 749 1397 794 omni
1429 749 1726 795 accuratione

317 837 458 890 atque
483 828 611 890 regio
636 827 748 873 luxu
774 826 1027 890 adparatiS,
1065 826 1264 871 comiter
1298 836 1343 871 et
1372 827 1521 871 amice
1548 825 1725 889 epulati

318 905 534 963 fuissent;
561 922 670 950 cum
701 904 892 963 omnia,
939 912 989 948 ut
1024 902 1206 948 dictum
1241 913 1335 961 est,
1372 919 1476 965 quae
1511 902 1570 948 ad
1611 903 1727 948 tanti

319 981 715 1044 magnificentiam
740 980 1047 1043 exigebantur
1069 979 1286 1035 honoris,
1318 980 1509 1041 quccsita
1533 989 1578 1024 et
1601 995 1728 1025 com-

318 1070 479 1124 parata
507 1069 677 1119 essent,
707 1060 768 1104 ita
805 1068 853 1104 ut
881 1058 956 1103 die
984 1059 1121 1102 tertio
1147 1056 1394 1102 celebritas
1417 1056 1538 1101 illius
1561 1056 1729 1119 regalis

319 1136 502 1197 fastigii,
529 1146 578 1181 et
595 1135 839 1199 provectio
864 1134 976 1179 novi
1001 1133 1121 1195 regis
1156 1132 1364 1194 novique
1397 1132 1570 1176 erectio
1599 1133 1729 1194 regni

321 1213 396 1259 vel
426 1213 622 1271 veteris,
663 1213 760 1273 jam
795 1228 820 1256 e
855 1219 1083 1255 vetustate
1107 1208 1327 1265 obsoleti,
1358 1208 1636 1254 instauratio
1661 1218 1728 1254 at-

321 1308 412 1354 que
446 1291 691 1336 innovatio
715 1289 773 1335 ab
797 1287 1021 1334 omnibus
1045 1303 1153 1333 cum
1179 1302 1349 1348 magna
1372 1286 1631 1331 attentione
1655 1302 1730 1331 ex-

324 1377 648 1433 spectarentur
687 1385 696 1411 :
740 1367 901 1412 nescio
947 1382 1061 1428 qua,
1104 1381 1187 1410 seu
1221 1363 1488 1423 simultate,
1528 1380 1634 1423 seu,
1681 1374 1733 1410 ut

325 1446 477 1490 verius
502 1443 723 1500 arbitror,
746 1442 1006 1488 diffidentia
1030 1442 1101 1487 vel
1122 1441 1309 1487 sinistra
1332 1440 1599 1503 suspicione
1624 1440 1732 1486 sub-

326 1522 462 1578 ortiS,
504 1521 763 1584 imperator
801 1519 1060 1583 insperate,
1100 1527 1146 1564 et
1192 1518 1295 1581 ipso
1338 1517 1731 1579 Burgundionum

325 1597 446 1643 duce
470 1613 663 1660 prorsus
689 1596 874 1654 nescio,
915 1612 1102 1641 summo
1136 1610 1274 1640 mane
1300 1609 1469 1639 navem
1497 1610 1730 1639 conscen-

327 1675 462 1733 dens,
485 1674 764 1719 descensum
783 1673 842 1718 ad
864 1672 1080 1718 Rhenum
1100 1689 1183 1736 per
1203 1672 1380 1717 flumen
1401 1670 1602 1716 Mosellae
1625 1672 1734 1717 arri-

329 1752 470 1815 puit¹.
497 1755 553 1796 Et
577 1752 637 1797 ita
664 1751 809 1814 ipsius
832 1750 966 1796 ducis
987 1749 1378 1810 Burgundionum
1403 1749 1729 1811 omniumque,

328 1829 407 1892 qui
426 1845 535 1874 eum
556 1829 601 1873 in
626 1844 784 1890 regem
801 1826 1154 1873 sublimandum
1173 1825 1489 1883 crediderant,
1513 1841 1617 1888 spes
1637 1824 1732 1870 fru-

330 1915 472 1951 strata
506 1915 552 1950 et
589 1914 784 1950 vacuata
813 1914 953 1967 atque
992 1905 1038 1949 in
1077 1913 1320 1949 momento
1359 1901 1597 1947 exsufflata
1645 1911 1727 1947 cst.

397 1985 595 2028 Eramus
633 1992 746 2028 tunc
786 1982 833 2026 in
868 1982 1053 2027 civitate
1092 1980 1383 2033 Treverensi,
1412 1979 1585 2024 nullius
1619 1988 1734 2025 tunc

333 2060 601 2123 principum
646 2060 924 2105 comitatum
962 2059 1140 2115 secuti,
1190 2074 1277 2103 nec
1309 2056 1530 2119 cuiquam
1568 2071 1735 2101 eorum

332 2137 637 2183 inservientes
660 2147 740 2182 aut
763 2137 937 2182 servire
961 2136 1260 2192 affectantes,
1287 2133 1365 2179 sed
1387 2149 1472 2179 nec
1491 2143 1620 2192 tunc,
1648 2148 1736 2178 nec

335 2214 660 2276 postmodum,
697 2215 804 2259 licet
824 2216 932 2259 satis
959 2213 1156 2258 sollicite
1181 2213 1240 2257 de
1268 2227 1408 2257 causa
1430 2210 1551 2256 illius
1575 2209 1737 2256 subitae

335 2289 628 2336 discessionis
655 2291 1058 2354 perquisicrimuS,
1088 2289 1148 2335 ad
1169 2306 1332 2334 verum
1356 2297 1401 2333 et
1424 2297 1604 2334 certum
1631 2302 1736 2333 eam

335 2384 529 2413 noscere
554 2369 810 2430 potuimus.

399 2447 518 2490 Cum
539 2461 653 2490 vero
675 2445 732 2489 de
753 2446 877 2490 dicto
898 2444 1194 2507 imperatoris
1212 2443 1435 2499 discessu,
1459 2442 1612 2487 statim
1631 2449 1738 2504 post

335 2523 425 2568 diei
457 2532 703 2580 exortum,
752 2538 777 2566 a
816 2522 1058 2567 nonnullis
1094 2521 1219 2566 idem
1252 2521 1347 2565 dux
1381 2521 1552 2565 certior
1591 2518 1736 2563 factus

391 2682 425 2714 1,
458 2682 509 2715 Le
530 2679 578 2714 24
600 2675 809 2714 novembre
831 2679 945 2715 1473.
