1923 3020
309 212 384 245 282
665 207 1003 243 HISTORIARUM
1032 207 1093 240 LU
1101 206 1264 241 DOVICI
1293 207 1346 241 XI

309 296 581 359 pedimento
598 328 608 348 ‚
633 291 900 354 apostolicae
927 290 1049 335 sedis
1081 290 1481 352 dispensationem
1511 304 1707 341 conatus

308 383 375 418 est
415 371 644 415 obtinere.
688 368 823 430 Atqui
858 384 968 412 cum
1006 383 1109 412 eam
1152 366 1282 412 nullo
1321 376 1460 429 pacto
1496 368 1708 416 obtinere

309 455 489 511 posset,
532 444 786 506 quemdam
832 443 1130 489 Ambrosium
1169 442 1228 488 de
1264 446 1543 501 Cameraco,
1585 446 1708 491 Pari-

307 522 629 583 siensemjuris
640 521 856 566 canonici
870 520 1132 578 doctorem,
1147 520 1342 577 invenit,
1355 520 1598 565 hominem
1613 523 1707 568 acri

307 599 439 655 satis,
464 597 545 643 sed
571 597 777 660 pessimo
802 613 854 642 ac
878 606 1092 642 tortuoso
1118 597 1332 658 ingenio,
1360 597 1464 659 qui,
1492 613 1660 660 magna
1683 614 1708 644 a

307 692 355 720 se
391 684 604 737 suscepta
640 673 866 737 pecunia,
905 690 953 719 se
986 673 1200 718 eamdem
1240 672 1545 719 obtenturum
1579 691 1632 720 ac
1667 675 1707 720 ei

307 760 656 814 reportaturum
681 751 912 813 promisit.
942 752 1117 795 Verum
1143 767 1252 794 cum
1280 766 1383 795 eam
1410 767 1707 813 nequaquam

307 829 481 875 valeret
527 828 769 884 obtinere,
809 843 914 872 cum
960 827 1130 890 copula
1172 827 1527 873 matrimonialis
1567 829 1613 873 in
1652 845 1708 874 eo

308 906 454 968 gradu
496 906 553 951 sit
589 921 782 968 prorsus
819 903 977 949 divina
1012 903 1111 964 lege
1144 904 1381 966 prohibita
1404 942 1414 962 ,
1454 905 1513 949 ad
1547 906 1708 950 nel'an·

307 983 390 1030 das
427 982 634 1029 falsitatis
671 991 791 1026 artes
837 998 883 1025 sc
919 981 1164 1025 convertit.
1203 981 1413 1026 Consecit
1453 982 1579 1026 enim
1621 981 1709 1027 sub

308 1061 502 1106 nomine
526 1058 760 1122 pontififfls
782 1058 992 1113 maximi,
1016 1057 1113 1102 sedi
1140 1067 1251 1102 tunc
1271 1058 1536 1120 apostolicae
1555 1060 1709 1120 praesi-

308 1137 483 1194 dentis,
508 1137 683 1182 litteras
708 1135 828 1180 falsae
860 1133 1248 1197 dispensationis,
1277 1134 1449 1196 quibus
1477 1144 1521 1179 et
1552 1135 1708 1181 salsam

309 1213 503 1270 bullam,
532 1230 650 1258 vera*
671 1228 813 1275 quani
839 1211 987 1274 potuit
1015 1210 1311 1267 similiorem,
1340 1211 1585 1274 apposuit,
1617 1227 1712 1257 eas-

308 1308 422 1354 que,
462 1300 687 1352 tanquam
724 1304 841 1333 verae
872 1286 1234 1349 dispensationis
1256 1288 1418 1333 litterae
1447 1297 1623 1346 essent,
1651 1288 1710 1334 ad

308 1368 527 1414 eumdem
547 1367 769 1412 comitem
790 1364 1053 1410 destinavit.

373 1444 553 1501 Quibus
589 1443 648 1489 ab
679 1458 736 1488 eo
762 1458 849 1505 pro
880 1442 1055 1503 ingenti
1084 1457 1276 1486 munere
1308 1451 1446 1504 atque
1475 1441 1710 1488 beneficio

308 1523 524 1584 receptis,
552 1522 649 1584 ipse
667 1520 759 1583 jam
783 1519 909 1564 velut
933 1535 1123 1564 securus
1140 1529 1420 1582 utcumque,
1451 1519 1582 1583 quod
1606 1537 1713 1584 per-

308 1610 415 1645 antc
450 1597 742 1653 occuluerat,
771 1596 868 1657 jam
900 1597 1053 1659 palam
1089 1596 1291 1641 ostendit
1322 1606 1463 1659 atque
1496 1597 1711 1643 manifes-

308 1677 436 1731 tavit,
463 1691 671 1720 sororem
697 1673 911 1718 eamdem
938 1690 1025 1737 pro
1050 1673 1271 1735 conjuge,
1299 1683 1341 1718 et
1367 1684 1629 1738 susceptam
1653 1674 1712 1720 de

308 1769 361 1799 ea
386 1753 566 1816 prolem
597 1768 683 1815 pro
709 1750 912 1812 legitima
939 1760 1104 1795 tenens
1136 1760 1179 1795 et
1212 1760 1450 1814 reputans.
1479 1751 1571 1797 Sed
1604 1767 1712 1796 cum

308 1847 360 1876 ea
397 1847 468 1875 res
499 1829 558 1875 ad
595 1829 768 1874 summi
804 1826 1040 1891 pontificis
1075 1843 1209 1873 aures
1244 1829 1554 1891 pervenisset,
1580 1829 1653 1874 cui
1686 1845 1711 1873 a

307 1908 517 1972 plurimis
547 1915 790 1970 propterea
827 1905 1028 1967 graviter
1060 1905 1444 1961 succensebatur,
1482 1905 1612 1968 quod
1646 1915 1710 1951 ta-

309 1984 398 2030 lem
418 1984 604 2047 penitus
624 1983 828 2029 illicitam
851 1999 903 2027 ac
924 1981 1009 2027 sibi
1031 1982 1224 2027 minime
1244 1983 1515 2044 possibilem
1534 1982 1713 2028 fecisset

310 2060 735 2122 dispensationem,
774 2059 975 2121 desuper
1010 2059 1248 2119 inquisitio
1285 2058 1442 2104 habita
1476 2069 1571 2115 est3
1610 2074 1713 2120 quae

310 2153 415 2181 cum
445 2146 603 2181 exacta
624 2136 764 2192 foret,
796 2134 1240 2198 pia-sumptionibus
1264 2145 1403 2198 atque
1428 2135 1612 2180 indiciis
1635 2151 1712 2180 ve-

310 2213 607 2259 hementibus
637 2213 694 2259 ad
720 2213 963 2277 praefatum
1001 2211 1298 2257 Ambrosium
1324 2222 1600 2275 perventum
1626 2221 1708 2257 est.

310 2291 429 2334 Cum
471 2300 623 2335 autem
661 2291 864 2353 desuper
908 2291 953 2334 in
998 2305 1186 2334 causam
1230 2299 1404 2334 tractus
1449 2289 1712 2352 apprehen-

311 2382 482 2428 susque
515 2366 695 2423 suisset,
740 2367 1014 2428 videretque
1058 2375 1223 2411 contra
1258 2383 1305 2411 se
1346 2375 1496 2411 tantas
1541 2365 1710 2411 adduci

311 2442 724 2506 praesumptiones,
762 2459 863 2503 quac
908 2442 1057 2488 scelus
1097 2442 1238 2505 ipsius
1278 2458 1425 2505 prope
1468 2442 1708 2487 notorium

312 2518 573 2574 efficerent,
610 2517 797 2562 tandem
828 2519 970 2563 totius
1000 2519 1095 2564 doti
1122 2528 1261 2580 atque
1299 2520 1558 2564 commissae
1590 2518 1710 2564 falsi-

312 2598 416 2641 tatis
446 2603 768 2640 commentum
802 2596 1007 2655 agnovit.
1047 2598 1154 2651 Quo
1194 2598 1377 2658 agnito,
1413 2597 1551 2642 etiam
1584 2611 1711 2640 sum-

314 2689 416 2717 mus
441 2671 644 2733 pontifex
666 2670 710 2717 id
737 2671 828 2731 regi
854 2674 1138 2716 Francorum
1162 2673 1332 2718 Carolo
1351 2673 1564 2717 intimare
1580 2687 1711 2717 cura-
