1923 3020
299 271 347 307 86
662 267 998 304 HISTORIARUM
1027 268 1258 304 LUDOVICI
1286 270 1341 304 XI

297 358 384 403 sibi
424 357 468 401 in
505 354 668 401 eadem
696 371 799 400 arce
823 363 867 399 et
890 354 1132 417 adjacente
1159 355 1476 402 amoenissimo
1500 356 1698 405 ferarum

297 433 441 489 saltu,
483 432 629 477 muris
667 431 881 490 vallat0¹‚
919 448 1003 495 per
1042 432 1225 488 omnia,
1263 432 1388 477 velut
1428 433 1473 477 in
1510 435 1700 496 propria

297 509 466 565 domo,
494 517 739 567 potestate.

362 584 448 629 Ubi
479 602 588 630 cum
620 585 799 647 aliquot
831 583 997 629 diebus
1027 584 1183 630 fuisset
1213 595 1496 644 remoratus,
1532 587 1699 632 iterum

294 662 350 707 ad
394 661 795 707 Abbatis-Villam
833 678 1047 707 reversus
1091 671 1173 707 est.
1227 665 1509 724 Frequentes
1544 673 1699 710 autem

294 739 486 784 nuntios
513 749 557 784 et
586 738 805 801 epistolas
831 738 1095 784 destinabat
1121 738 1176 784 ad
1208 740 1429 784 comitem
1463 739 1522 785 de
1553 744 1698 784 War-

296 816 428 869 wiclz,
465 816 545 878 qui
589 825 687 860 tum
718 814 947 879 oppidum
982 816 1143 860 Calesii
1178 833 1263 879 pro
1303 833 1408 879 rege
1445 816 1699 878 Anglorum

296 891 673 950 administrabat,
713 901 756 936 et
788 892 834 936 in
868 907 925 936 eo
955 892 1276 951 consistebat&
1306 893 1559 939 sollicitans
1591 910 1700 938 eum

293 968 597 1014 vehementer
633 978 676 1013 et
709 969 949 1031 promissis
978 967 1183 1013 alliciens
1219 979 1358 1031 atque
1397 968 1695 1026 muneribus,

294 1055 524 1107 quatenus
550 1045 608 1090 ad
634 1062 793 1090 secum
819 1044 1113 1107 loquendum
1138 1046 1332 1090 veniret.
1363 1046 1453 1090 Sed
1477 1045 1591 1100 hoc,
1620 1062 1699 1090 seu

294 1122 464 1167 timens
497 1121 584 1167 sibi
618 1122 676 1167 ab
711 1121 915 1176 insidiis,
950 1137 1029 1166 seu
1063 1122 1268 1167 sinistras
1299 1138 1436 1184 posse
1465 1122 1702 1168 incurrere

296 1198 544 1244 adversum
579 1215 626 1243 se
661 1198 980 1260 suspicioneS,
1020 1213 1123 1259 quae
1158 1198 1204 1241 in
1243 1198 1410 1243 animis
1449 1198 1700 1260 Anglorum

297 1275 429 1321 facile
451 1275 628 1320 oboriri
652 1274 937 1337 potuissent,
969 1273 1015 1317 id
1039 1282 1137 1318 tum
1167 1274 1358 1319 minime
1383 1273 1551 1319 effecit.
1580 1279 1703 1321 luter

297 1352 530 1414 agendum
561 1368 676 1396 vero
706 1361 751 1396 et
779 1350 1047 1412 aliquorum
1073 1366 1263 1395 cursum
1294 1350 1500 1405 dierum,
1532 1351 1703 1413 quibus

297 1446 376 1474 rex
399 1427 729 1490 hujuscemodi
754 1427 971 1490 practicis
998 1427 1092 1471 suis
1118 1427 1378 1485 insistebat,
1408 1428 1631 1473 simulans
1655 1444 1702 1473 se

297 1523 381 1569 per
420 1505 629 1550 medium
665 1504 777 1549 dicti
813 1504 998 1549 comitis
1035 1503 1151 1549 velle
1189 1520 1298 1549 cum
1336 1521 1441 1566 rege
1479 1514 1525 1549 et
1558 1520 1702 1566 regno

302 1583 554 1644 Anglorum
584 1598 747 1644 pacem
776 1581 962 1626 firmare
989 1590 1130 1643 atque
1162 1581 1394 1640 stabilire,
1421 1582 1638 1626 voluntas
1662 1583 1701 1627 ei

297 1668 489 1721 repente
512 1657 702 1703 obvenit
721 1657 839 1702 velle
863 1657 1023 1702 denuo
1049 1657 1290 1720 praefatum
1313 1657 1702 1718 Burgundionum

298 1734 467 1779 (lucem
515 1734 641 1798 apud
677 1750 815 1778 suum
859 1732 1091 1796 oppidum
1136 1734 1194 1779 de
1231 1732 1432 1778 Hesslinc
1473 1734 1697 1779 visitare³.

301 1811 434 1856 [Inde
455 1812 647 1857 nuntios
665 1811 724 1856 ad
741 1827 848 1856 eum
869 1810 1146 1867 destinansss,
1168 1809 1255 1855 sibi
1281 1810 1530 1855 insinuavit
1551 1810 1698 1872 quod,

299 1888 518 1950 proximo
549 1888 647 1945 die,
678 1903 837 1933 secum
864 1887 921 1931 ad
949 1886 1203 1949 prandium
1236 1888 1438 1946 veniret,
1467 1896 1627 1950 petens
1654 1896 1703 1931 ut

300 1975 458 2027 parata
487 1966 646 2009 onmia
669 1964 940 2009 invenisset.
967 1962 1109 2018 Quod
1136 1963 1315 2024 utique,
1356 1979 1451 2008 non
1484 1961 1698 2019 dubium,

301 2041 512 2086 alacriter
546 2051 588 2086 et
626 2041 728 2086 laeto
761 2040 896 2086 valde
930 2041 1088 2085 animo
1122 2041 1217 2102 ipse
1248 2040 1341 2085 dux
1375 2038 1698 2101 adimplesset,

301 2118 388 2161 nisi
413 2118 698 2163 obstitissent
730 2133 853 2162 nova
885 2133 988 2179 quae
1016 2117 1257 2179 inopinate
1285 2116 1371 2161 sibi
1411 2116 1469 2160 de
1495 2115 1590 2159 filio
1617 2131 1702 2160 suo

301 2205 345 2240 et
367 2195 426 2240 ab
450 2198 550 2259 ipso
577 2205 917 2260 provenerunt.

355 2334 389 2368 1.
424 2331 635 2368 Cliastelain
661 2332 808 2382 appelle
828 2345 870 2369 ce
891 2344 1002 2381 parc,
1025 2332 1059 2368 la
1079 2331 1176 2367 sore-t
1199 2331 1246 2367 de
1266 2334 1404 2379 Kersy.

355 2393 390 2426 2.
424 2391 607 2425 Wanvick
624 2422 632 2436 ‚
655 2391 822 2440 quoique
844 2404 1087 2442 gouverncui·
1108 2390 1153 2426 (16
1171 2390 1313 2434 Calais,
1336 2403 1374 2425 sc
1399 2389 1512 2425 tenait
1534 2389 1634 2425 alors
1657 2400 1703 2425 en

303 2451 539 2501 Angleterre.
561 2451 778 2487 Seulemcnt
806 2451 828 2486 il
858 2450 997 2487 resulto
1016 2450 1130 2486 ‹l'une
1158 2450 1265 2486 lettre
1290 2449 1403 2485 ecrite
1425 2462 1493 2497 pai·
1519 2461 1567 2484 un
1592 2455 1705 2498 agent

300 2509 465 2560 anglais,
488 2507 577 2556 qu'il
600 2508 699 2543 avait
723 2509 863 2557 promis
885 2508 930 2545 (16
951 2509 1060 2545 venir
1080 2522 1144 2545 sur
1173 2509 1206 2545 le
1236 2508 1452 2554 continent3
1474 2507 1567 2544 mais
1596 2507 1621 2543 il
1641 2509 1703 2555 n’y

301 2569 382 2605 vint
404 2568 520 2618 point.
548 2567 634 2602 Mllc
656 2570 822 2615 Dupont,
847 2570 1062 2614 Cummim's,
1086 2576 1111 2603 t.
1136 2570 1205 2614 III,
1232 2580 1269 2616 p.
1294 2568 1385 2602 212.

356 2630 391 2663 33.
425 2630 526 2663 Dans
549 2626 602 2661 les
621 2625 803 2674 pri-miens
823 2625 930 2670 joui-s
956 2624 1149 2662 d'octobre
1171 2627 1286 2662 1464.

355 2689 391 2722 -ί,
425 2689 480 2721 De
520 2685 685 2729 Novion,
729 2686 747 2719 51
786 2683 839 2719 six
879 2683 996 2718 lienes
1033 2683 1079 2718 de
1113 2683 1276 2729 Hesdin,
1313 2684 1362 2718 osi
1402 2682 1425 2718 il
1463 2681 1584 2718 s‘etait
1620 2679 1701 2726 deja

297 2745 457 2781 avanci‘.
