1923 3020
639 300 780 335 LIBER
818 300 1041 346 QUINTUS.
1463 300 1538 335 385

146 386 299 447 primo
323 386 778 432 Commentariorum
812 403 1006 432 suorum
1028 386 1165 444 libro,
1191 403 1310 450 quos
1328 385 1386 432 de
1405 386 1538 433 bellis

148 461 319 522 gallicis
344 461 545 524 scripsit,
573 463 807 508 Helvetios
831 473 1089 526 nuncupat.

211 537 303 599 Ipsi
326 537 450 581 enim
485 553 592 582 cum
616 538 791 583 steriles
815 547 999 583 montes
1024 554 1224 599 saxaque
1248 548 1294 584 et
1319 539 1539 602 scopulos

149 628 277 673 paene
306 612 564 657 inaccessos
583 612 813 670 habitent,
841 629 1069 675 pauperes
1094 622 1143 657 ut
1163 614 1253 658 sint
1274 624 1440 660 natura
1466 631 1542 659 ne-

148 703 273 732 cesse
305 697 389 746 est,
417 704 523 733 cum
559 688 622 733 ibi
646 704 733 732 nec
763 687 996 733 frumenta
1021 704 1107 733 nec
1131 689 1264 748 vina,
1300 691 1386 735 nisi
1412 691 1545 736 raris-

148 763 278 819 sime,
306 773 355 808 ut
378 763 635 826 plurimum
658 779 770 808 vero
793 779 879 808 nec
902 764 1035 808 utiles
1053 763 1210 810 herbae
1237 782 1388 827 neque
1412 766 1547 811 arbo-

148 854 236 895 res,
266 848 432 901 praeter
460 838 661 898 abietes,
700 854 908 884 crescere
940 838 1203 884 videantur.
1242 840 1310 885 Ad
1345 857 1545 903 parvum

150 931 261 960 vero
286 925 331 960 et
355 925 545 962 tenuem
563 916 737 961 victum
756 916 942 972 assueti,
970 916 1114 961 caseis
1131 927 1176 961 et
1192 917 1325 974 lacte,
1356 935 1477 980 quos
1495 936 1548 964 ex

150 991 447 1049 animalibus,
475 1009 577 1055 quae
599 992 692 1037 illic
706 991 872 1036 nutriri
895 1001 1109 1054 possunt,
1137 992 1345 1050 trahunt,
1373 1004 1417 1039 et
1434 1005 1551 1058 potu

150 1085 279 1130 aquae
301 1069 473 1131 frigidae
511 1085 680 1130 magna
715 1077 924 1131 exparte
953 1069 1242 1113 nutriuntur.
1271 1070 1411 1124 Quod
1446 1072 1553 1116 satis

151 1144 406 1207 prudenter
432 1145 678 1190 advertens
700 1147 986 1189 Francorum
1008 1160 1110 1203 rex,
1149 1144 1230 1206 qui
1254 1160 1412 1190 versus
1435 1149 1554 1209 Lug-

153 1220 336 1265 dunum
366 1221 526 1284 copias
562 1236 754 1281 magnas
790 1236 984 1265 suorum
1025 1220 1237 1281 equitum
1268 1229 1313 1265 et
1343 1221 1554 1283 peditum

154 1307 447 1342 contraxerat
498 1296 929 1360 (contemplaturus
981 1295 1149 1341 exinde
1191 1296 1249 1341 de
1286 1298 1556 1361 propinquo

153 1372 263 1418 belli
284 1384 522 1433 eventum,
550 1384 595 1419 et
626 1373 813 1436 qualem
837 1373 1024 1419 fortuna
1050 1382 1337 1436 proventum
1371 1376 1451 1420 uni
1484 1376 1557 1420 vel

155 1451 288 1497 alteri
313 1452 518 1514 partium
542 1452 737 1497 allatura
755 1451 914 1514 esset),
935 1452 1023 1514 ipsi
1046 1451 1435 1513 Burgundionum
1451 1453 1558 1499 duci

155 1545 238 1591 per
262 1529 438 1590 legatos
464 1529 742 1574 sententiam
773 1545 906 1574 suam
933 1537 978 1574 et
1000 1528 1248 1574 consilium
1272 1530 1559 1576 insinuatum

156 1604 294 1650 misit.
341 1604 626 1650 Consulebat
663 1604 896 1667 siquidem
929 1615 974 1650 et
1012 1621 1297 1669 magnopere
1334 1606 1559 1652 suadebat

155 1681 243 1744 ipsi
268 1682 659 1744 Burgundionum
682 1682 793 1727 duci
813 1682 872 1727 ab
894 1681 1040 1727 hocce
1059 1681 1185 1727 bello
1206 1681 1555 1740 abstinendum,

156 1765 202 1800 et
215 1755 473 1801 consultius
494 1765 538 1801 et
550 1755 707 1801 utilius
726 1755 934 1801 sibicum
950 1755 1197 1802 honestate
1218 1756 1414 1802 domum
1434 1757 1561 1802 inco-

157 1831 336 1877 lumem
359 1832 531 1896 pedem
560 1832 734 1877 referre
758 1842 804 1878 et
835 1832 926 1878 11110
965 1833 1229 1895 quiescere,
1269 1850 1411 1895 quani
1436 1833 1559 1879 bello

157 1909 260 1955 11105
289 1926 541 1973 pauperes,
569 1909 651 1954 sed
675 1919 890 1955 strenuos
916 1910 1081 1973 procul
1114 1909 1261 1955 dubio
1293 1920 1434 1972 atque
1467 1912 1563 1957 ani-

158 2002 334 2044 mosos,
364 1987 599 2049 Alpinates
618 1985 862 2032 lacessere¹
894 2004 902 2030 :
930 2002 1040 2032 nam
1064 1985 1145 2030 ubi
1169 2002 1250 2030 eos
1275 1987 1563 2049 opprimeret

161 2072 205 2107 et
229 2080 393 2109 eorum
424 2063 687 2125 acquireret
713 2072 874 2119 terras,
902 2062 1017 2107 nihil
1054 2062 1164 2107 utile
1197 2062 1285 2107 sibi
1310 2064 1563 2124 acquisitu-

161 2156 290 2198 rum3
316 2140 396 2186 ubi
424 2157 537 2186 vero
567 2149 761 2186 econtra
784 2139 986 2184 infausto
1009 2139 1167 2184 omine
1184 2139 1250 2185 illi
1265 2139 1427 2203 (prout
1450 2157 1565 2186 sem·

160 2233 244 2279 per
271 2217 386 2263 varii
418 2227 558 2279 atque
594 2217 758 2262 incerti
787 2225 895 2261 sunt
918 2215 1153 2261 bellorum
1181 2217 1392 2278 eventus)
1428 2234 1565 2281 supe-

163 2293 308 2338 riores
350 2293 509 2356 praelio
544 2292 825 2347 evaderent,
862 2309 998 2355 posse
1035 2292 1127 2338 hoc
1165 2294 1476 2339 verisimiliter
1519 2305 1564 2341 et

164 2370 283 2427 vitae,
307 2379 352 2414 et
373 2369 668 2415 fortunarum
692 2369 925 2428 omnium,
951 2385 1047 2414 uno
1067 2379 1328 2430 momento,
1351 2370 1438 2415 sibi
1455 2372 1566 2417 irre-

166 2444 374 2508 parabile
398 2445 591 2491 exitium
616 2446 889 2510 importare.

220 2585 256 2619 1.
288 2587 319 2619 A
342 2582 377 2619 la
397 2595 526 2632 marge
550 2581 601 2619 du
623 2594 694 2619 ms.
723 2581 748 2618 il
768 2595 792 2632 y
811 2595 833 2618 a
860 2594 907 2618 en
927 2590 1014 2619 note
1038 2597 1046 2618 :
1071 2585 1157 2619 Heec
1176 2585 1279 2632 longe
1309 2585 1422 2619 aliter
1438 2595 1568 2622 narrat

167 2642 363 2689 Philippus
401 2644 639 2678 Comminaeus
673 2650 707 2677 et
737 2650 832 2677 certe
864 2642 1108 2678 verisimilius.
1144 2644 1359 2690 Remarque
1390 2641 1569 2692 deplacee

167 2701 369 2750 puisqu'on
389 2700 430 2736 lit
447 2713 494 2736 au
511 2708 833 2736 connnencement
849 2699 900 2736 du
919 2699 1014 2736 livre
1027 2702 1055 2737 V
1069 2700 1134 2737 des
1152 2700 1354 2737 Memoires
1370 2715 1376 2737 :
1404 2717 1421 2734 α
1434 2704 1486 2738 Le
1501 2715 1569 2754 roy

168 2759 202 2795 le
213 2759 403 2795 sollicitoit
414 2759 500 2796 fort.
512 2788 554 2796 ...
571 2759 661 2808 qu'il
679 2759 821 2796 laissast
838 2771 885 2796 en
899 2759 987 2810 paix
1002 2773 1062 2797 ces
1074 2773 1211 2811 povres
1222 2772 1313 2811 gens
1322 2760 1368 2797 de
1383 2761 1537 2801 Suisses.
1550 2778 1566 2795 n

378 2843 412 2865 11
1308 2832 1357 2867 25
