1923 3020
691 249 834 284 LIBER
861 247 1127 284 SECUNDUS.
1539 246 1613 281 153

212 337 403 383 deberet
426 338 653 382 invenire.
681 339 789 382 Erat
813 336 940 381 enim
965 334 1196 399 oppidum
1224 351 1354 398 paene
1377 335 1424 380 in
1456 333 1614 379 medio

213 415 375 460 itinere
407 414 571 471 situm,
610 414 731 459 inter
762 412 1111 474 Rothomagum
1142 421 1187 457 et
1219 413 1448 469 Drocas¹,
1490 410 1615 456 unde

211 491 338 537 idem
362 491 455 536 dux
482 491 705 536 Borbonii
729 489 789 536 ad
809 489 1030 536 eumdem
1054 489 1316 552 scripserat.
1349 487 1616 533 Observans

214 570 368 631 itaque
392 569 689 614 Normanniae
726 567 819 612 dux
847 576 1074 613 statutum
1103 566 1246 624 diem,
1278 565 1391 611 adiit
1414 568 1614 610 Locum—

213 644 374 699 Veris,
416 643 520 701 ubi,
566 661 675 689 cum
714 644 970 689 adventum
1003 642 1135 688 ducis
1166 651 1453 705 exspectaret
1487 641 1617 703 juxta

213 720 443 785 promissa
488 737 597 780 sua,
646 730 691 765 et
738 719 1004 765 mandasset
1051 720 1298 783 capitaneo
1344 729 1389 764 et
1433 717 1617 764 civibus

216 797 514 843 Ebroicensis
549 798 800 856 civitatis2,
839 796 995 860 quod,
1034 797 1166 841 omni
1201 813 1309 842 cum
1348 795 1534 841 honore
1572 805 1617 841 et

213 874 471 920 reverentia
512 891 632 937 quos
674 874 761 920 sibi
805 874 892 938 ipsi
932 872 1153 920 exhibere
1196 881 1416 936 possent,
1460 873 1615 936 ipsum

213 951 383 997 ducem
423 950 648 996 Borbonii
694 961 789 998 tam
827 952 897 996 sui
936 966 1080 1014 quam
1115 950 1261 1013 regiS,
1300 950 1434 1012 cujus
1478 967 1527 995 se
1572 960 1617 995 et

213 1027 418 1089 legatum
442 1027 705 1087 asserebat,
732 1020 1132 1090 contemplatione
1162 1026 1460 1088 exciperent,
1487 1035 1615 1089 post-

213 1120 356 1166 quam
388 1105 598 1167 ejusdem
633 1103 890 1168 operiendo
926 1103 1185 1149 adventum
1223 1102 1317 1148 illic
1355 1112 1617 1149 remoratus

214 1181 373 1226 fuisset
392 1198 476 1244 per
493 1181 593 1228 dies
617 1181 759 1241 duos,
786 1180 1010 1226 intellexit
1029 1179 1191 1226 dolum
1209 1189 1350 1243 atque
1368 1179 1616 1243 perfidiam

214 1274 334 1320 quos
372 1257 459 1303 sibi
494 1258 621 1304 idem
659 1258 754 1303 dux
790 1257 1014 1304 Borbonii
1047 1266 1268 1320 patrarat.
1325 1259 1442 1302 Nam
1479 1273 1614 1315 cum,

214 1334 364 1397 ipsam
390 1333 724 1380 Ebroicensem
763 1334 1000 1380 civitatem
1039 1333 1334 1394 ingrediens,
1365 1349 1391 1379 a
1420 1332 1547 1379 clero
1575 1343 1621 1379 et

215 1410 394 1458 civibus
416 1412 504 1457 sibi
527 1412 682 1474 (juxta
704 1410 835 1473 quod
866 1410 1144 1456 mandatum
1176 1411 1482 1474 acceperant>
1505 1427 1617 1474 pro-

215 1488 532 1534 cessionaliter
557 1488 835 1534 exeuntibus
859 1487 1050 1534 obviam
1068 1524 1079 1546 ,
1113 1488 1272 1533 fuisset
1293 1487 1618 1534 honorificen-

216 1566 390 1611 tissime
434 1575 671 1629 receptus,
707 1564 816 1610 fidei
852 1566 1088 1628 totiusque
1121 1564 1382 1611 honestatis
1417 1564 1617 1624 oblitus,

217 1642 393 1706 perfide
431 1660 483 1688 ac
508 1642 846 1702 fraudulenter,
881 1643 1075 1688 nomine
1111 1643 1257 1705 regis,
1281 1643 1516 1689 civitatem
1542 1660 1619 1689 ac-

216 1721 360 1783 cepit,
384 1720 664 1765 intromissis
686 1719 742 1765 de
766 1719 885 1781 regis
907 1719 1071 1765 militia
1089 1756 1100 1778 ,
1121 1719 1292 1782 quibus
1311 1721 1472 1766 civitas
1489 1720 1619 1766 nullo

218 1796 363 1842 modo
390 1796 614 1843 obsistere
649 1797 927 1860 potuisset³;
960 1798 1211 1861 posuitque
1243 1797 1359 1855 illic,
1387 1797 1507 1858 regis
1535 1814 1621 1842 no-

271 1955 307 1990 1.
339 1956 485 1990 Drenx.
512 1952 563 1991 Le
594 1954 667 1990 duc
697 1953 743 1990 de
772 1953 954 1990 Bourbon
980 1967 1005 2003 y
1033 1953 1135 1990 avait
1162 1953 1220 1990 e'te
1252 1953 1399 2003 envoye
1430 1966 1523 1991 avec
1553 1966 1622 1990 son

216 2012 329 2061 frere,
351 2012 386 2049 le
402 2012 537 2049 batard
552 2012 597 2049 ‹le
611 2012 808 2057 Bourbon3
822 2027 914 2050 avec
928 2013 963 2050 le
976 2026 1153 2050 nouveau
1169 2012 1386 2050 chancelier
1400 2012 1447 2049 de
1460 2015 1619 2058 France,

215 2072 432 2109 Guillaume
446 2073 630 2109 Jouvenel
644 2072 709 2109 des
719 2073 870 2119 Ursins;
883 2085 975 2109 avec
986 2071 1140 2109 Charles
1153 2071 1200 2108 de
1214 2072 1342 2108 Melun
1356 2080 1392 2108 et
1405 2071 1622 2109 Guillaume

215 2130 409 2168 Cousinot.
432 2133 662 2167 Documents
681 2130 834 2176 inedits,
855 2132 1071 2180 Allelanges‚
1099 2139 1126 2167 t.
1147 2133 1200 2177 II,
1224 2145 1262 2181 p.
1285 2133 1374 2168 430.

270 2194 307 2230 2.
339 2185 508 2232 EvreuX.

271 2256 307 2291 3.
340 2256 369 2291 Il
394 2268 415 2305 y
430 2268 450 2291 a
468 2255 515 2292 de
538 2254 821 2292 l'inexactitude
841 2254 934 2292 dans
954 2268 995 2291 ce
1016 2254 1119 2291 rccit.
1136 2253 1242 2291 Voici
1260 2253 1359 2291 celui
1378 2253 1425 2291 de
1445 2253 1482 2290 la
1503 2252 1623 2291 Chro-

215 2313 331 2363 nique
345 2315 591 2352 scandaleuse
613 2331 619 2353 :
641 2334 655 2348 «
674 2316 941 2366 Monseigneur
961 2315 1007 2352 de
1026 2314 1204 2351 Bourbon
1219 2314 1277 2351 ala
1292 2314 1433 2352 devant
1451 2307 1621 2362 Evreux,

215 2386 314 2422 pour
339 2373 494 2419 l’avoir‚
527 2374 592 2423 qui
625 2377 687 2423 n’y
721 2374 894 2412 olicircnt
927 2374 1034 2424 point
1060 2373 1106 2410 de
1135 2373 1324 2424 premiere
1349 2386 1496 2420 venue3
1532 2373 1623 2410 mais

217 2431 351 2481 depuis
375 2433 592 2469 traictcrcnt
612 2446 800 2482 avecques
820 2434 884 2483 luy
904 2441 940 2470 et
960 2433 993 2469 le
1013 2432 1229 2469 boutterent
1248 2432 1406 2480 dedans,
1430 2433 1495 2482 luy
1509 2440 1545 2469 et
1566 2446 1624 2468 ses

216 2504 320 2541 gens.
344 2507 358 2523 υ
386 2493 447 2527 Un
468 2492 650 2529 memoire
674 2491 719 2527 de
743 2492 856 2528 Louis
872 2494 927 2528 XI
951 2505 999 2528 au
1017 2500 1139 2528 comte
1159 2491 1206 2528 de
1226 2491 1420 2529 Charolais
1442 2491 1623 2527 conlirme

216 2550 250 2586 lc
269 2550 332 2587 fait
347 2550 392 2586 de
408 2551 443 2587 la
458 2551 659 2588 resistance
673 2551 839 2602 opposee
854 2550 1013 2588 d'abord
1034 2565 1081 2588 au
1099 2550 1172 2587 duc
1189 2550 1234 2587 de
1254 2551 1436 2587 Bourbon
1455 2565 1461 2585 :
1479 2568 1493 2582 (ι
1512 2552 1621 2585 Mon-

216 2609 394 2659 seigneur
416 2609 463 2646 de
484 2609 663 2646 Rom-bon
689 2610 769 2646 vint
791 2610 896 2647 audit
915 2610 992 2647 lieu
1018 2610 1064 2647 de
1093 2614 1224 2647 Dreux
1241 2639 1250 2656 ‚
1274 2618 1310 2647 et
1330 2611 1367 2646 [it
1386 2608 1624 2645 incontinent

217 2669 366 2716 scavoir
389 2671 409 2705 ἐι
429 2668 575 2706 mondit
594 2670 770 2719 seigneur
786 2670 939 2708 Charles
959 2684 998 2708 sa
1018 2683 1143 2708 venue
1160 2683 1230 2721 par
1250 2670 1335 2707 delii
1356 2678 1393 2707 et
1415 2670 1469 2706 les
1493 2681 1624 2706 causes

219 2728 366 2765 d’icelle
381 2759 389 2775 ,
412 2737 448 2766 et
466 2729 517 2765 lui
539 2729 674 2766 manda
698 2729 844 2766 mondit
863 2730 1039 2781 seigneur
1060 2730 1216 2767 Charles
1233 2729 1323 2780 qu'il
1346 2729 1419 2765 sust
1440 2727 1623 2765 tres-bien
