1923 3020
299 298 372 332 386
659 291 993 330 HISAORIARUM
1021 290 1251 326 LUDOV1C1
1278 291 1334 325 XI

362 381 454 427 Sed
491 378 701 441 quamvis
726 377 818 422 hoc
847 375 1055 440 prudens
1091 385 1136 421 et
1161 374 1271 420 utile
1303 374 1514 438 profecto
1537 375 1692 419 consi-

296 458 410 503 lium
438 473 518 501 rex
541 454 628 499 sibi
652 453 898 517 praeberet,
927 470 1024 498 non
1050 468 1144 498 una
1168 462 1348 498 tantum
1375 453 1490 508 vice,
1519 450 1616 510 sed,
1644 460 1696 496 ut

297 536 442 590 aiunt,
469 531 649 577 vicibus
668 532 893 595 repetitis,
915 530 1134 593 amplecti
1154 540 1310 576 tamen
1328 530 1441 575 illud
1459 545 1513 574 ac
1537 538 1696 573 tenere

294 613 418 657 idem
451 609 546 655 dux
583 609 737 654 minus
761 610 975 655 consulte
1007 609 1265 666 recusavit,
1305 623 1497 670 quoquo
1535 605 1695 651 animo

296 687 381 733 sibi
406 687 546 732 etiam
570 685 630 731 ab
663 685 798 732 hoste
822 685 1126 749 praeberetur.
1156 685 1294 746 Atqui
1314 694 1487 729 tantam
1507 683 1626 727 inter
1649 696 1696 726 se

294 765 548 821 dictorum,
584 762 816 808 factorum
839 772 885 807 et
916 761 1222 808 consiliorum
1254 759 1562 805 diffidentiam
1589 758 1698 803 odia

294 851 339 886 et
360 840 613 886 inimicitiae
636 850 811 885 mutuae
833 839 1144 896 induxerant,
1178 847 1229 883 ut
1254 836 1440 882 difficile
1465 837 1513 880 in
1539 835 1698 898 aliquo

293 920 408 966 alter
440 918 573 964 alteri
610 918 803 964 credere
829 927 1011 981 posset,
1042 926 1159 973 esto,
1203 915 1446 960 communi
1481 914 1696 959 omnium

292 997 443 1060 prima
467 996 792 1055 aestimatione,
820 994 1006 1041 salubre
1031 1003 1170 1056 atque
1193 993 1303 1038 utile
1327 992 1577 1038 consilium
1598 992 1696 1037 cui-

296 1073 410 1119 libet
439 1072 588 1119 videri
613 1073 856 1136 potuisset.

765 1271 1106 1316 CAPITULUM
1159 1272 1233 1315 VI.

293 1403 463 1446 Qualiter,
482 1411 597 1447 spreto
615 1401 703 1445 regis
725 1400 885 1444 consilio⁷
906 1400 1078 1433 Suitenses
1100 1411 1295 1445 aggressus,
1313 1401 1487 1434 castellum
1512 1404 1617 1433 Mora!
1638 1398 1700 1434 ob-

341 1455 447 1497 seclit3
469 1455 528 1487 ubi
548 1467 567 1487 a
583 1453 799 1487 Suitensibus
825 1452 1013 1487 debellatus
1035 1462 1067 1487 et
1084 1453 1210 1496 victus,
1229 1454 1377 1488 maxima
1406 1454 1502 1488 clade
1521 1463 1674 1500 suscepta
1687 1481 1696 1497 ,

342 1509 487 1554 turpiter
505 1507 651 1553 aufugit.

362 1630 529 1691 Spreto
576 1627 731 1689 itaque
771 1624 1097 1686 hujuscemodi
1147 1635 1192 1671 et
1233 1626 1425 1671 minime
1464 1642 1698 1689 perpenso

299 1705 514 1760 consilio,
541 1720 650 1748 cum
684 1702 812 1748 idem
836 1702 930 1748 dux
955 1719 1055 1748 sese
1095 1702 1221 1766 apud
1258 1706 1570 1760 Lausannam,
1595 1714 1703 1767 post

302 1781 474 1826 dictam
498 1779 681 1825 cladem
704 1789 963 1842 acceptam,
993 1780 1259 1842 recepisset,
1288 1780 1453 1825 anxius
1473 1779 1703 1842 valdeque

306 1867 497 1903 moestus
533 1856 592 1902 de
627 1857 884 1918 ignominia
918 1857 1198 1919 damnisque
1232 1872 1335 1918 quae
1378 1872 1541 1919 passus
1585 1867 1700 1916 erat,

305 1935 414 1979 satis
434 1933 634 1995 graviter
657 1943 880 1995 aegrotare
904 1934 1080 1997 coepit¹.
1108 1936 1159 1978 In
1184 1949 1273 1995 qua
1300 1949 1382 1978 sua
1412 1933 1701 1994 aegritudine,

309 2011 451 2056 multa
477 2011 518 2055 ei
542 2010 846 2056 humanitatis
871 2010 1099 2072 obsequia
1118 2009 1421 2072 remediaque
1441 2010 1517 2056 illa
1535 2010 1707 2056 nobilis

308 2088 492 2133 ducissa
514 2086 758 2133 Sabaudiae
778 2087 1005 2133 exhihuit.

373 2166 493 2209 Cum
527 2164 686 2227 itaque
720 2164 778 2209 (le
807 2164 1137 2227 hujuscemodi
1174 2163 1447 2227 aegritudine
1478 2173 1586 2226 post
1608 2163 1707 2210 dies

309 2240 488 2302 aliquot
530 2241 629 2303 ipse
667 2241 1009 2299 convaluisset,
1054 2243 1196 2305 coepit
1232 2241 1324 2286 illic
1356 2240 1513 2286 denuo
1548 2243 1708 2304 copias

308 2316 421 2361 hinc
449 2325 494 2361 et
512 2316 622 2362 inde
646 2317 879 2380 dispersas
904 2318 1142 2380 colligere,
1169 2328 1215 2364 et
1245 2318 1422 2379 maj0re
1445 2318 1585 2363 etiam
1610 2335 1709 2363 nu-

310 2409 440 2438 mero
476 2409 528 2437 ac
564 2395 740 2440 viribus
777 2397 1035 2442 exercitum
1071 2397 1356 2453 instaurare,
1397 2412 1539 2458 quam
1571 2406 1708 2442 antea

308 2468 567 2527 liabuisset3
608 2486 757 2515 novos
796 2472 936 2518 etiam
973 2489 1164 2530 currus,
1206 2472 1448 2518 machinas
1485 2482 1529 2518 et
1554 2473 1708 2518 varios

306 2546 415 2591 belli
451 2555 702 2609 apparatus
743 2547 968 2594 fabricare
1009 2560 1081 2607 et,
1125 2549 1458 2612 undecumque
1497 2558 1702 2612 poterat,

306 2622 542 2668 adciscere
564 2632 610 2667 et
633 2638 900 2686 aggregare.
928 2626 1166 2672 Suitenses
1200 2642 1311 2671 vero
1328 2664 1339 2686 ,
1375 2626 1530 2688 priore
1552 2625 1704 2689 prwda

358 2763 395 2798 1.
427 2764 487 2797 Du
511 2763 559 2797 29
580 2760 675 2797 avril
697 2773 745 2797 au
766 2762 814 2796 27
836 2761 909 2797 mai
931 2763 1045 2798 1476.
