<?xml version="1.0" encoding="UTF-8"?>
<!DOCTYPE html PUBLIC "-//W3C//DTD XHTML 1.0 Transitional//EN"
    "http://www.w3.org/TR/xhtml1/DTD/xhtml1-transitional.dtd">
<html xmlns="http://www.w3.org/1999/xhtml" xml:lang="en" lang="en">
 <head>
  <title>
</title>
<meta http-equiv="Content-Type" content="text/html;charset=utf-8" />
  <meta name='ocr-system' content='tesseract 3.04.00' />
  <meta name='ocr-capabilities' content='ocr_page ocr_carea ocr_par ocr_line ocrx_word'/>
</head>
<body>
  <div class='ocr_page' id='page_1' title='image "./histoiredesrgn02basi_0332.png"; bbox 0 0 1923 3020; ppageno 0'>
   <div class='ocr_carea' id='block_1_1' title="bbox 244 239 1292 277">
    <p class='ocr_par' dir='ltr' id='par_1_1' title="bbox 244 239 1292 277">
     <span class='ocr_line' id='line_1_1' title="bbox 244 239 1292 277; baseline -0.003 -1"><span class='ocrx_word' id='word_1_1' title='bbox 244 243 319 277; x_wconf 57' lang='lat'>⁹2:5⁹2</span> <span class='ocrx_word' id='word_1_2' title='bbox 607 240 944 276; x_wconf 82' lang='lat' dir='ltr'><strong>HISTORIARUM</strong></span> <span class='ocrx_word' id='word_1_3' title='bbox 974 239 1209 274; x_wconf 92' lang='lat' dir='ltr'><strong>LUDOVICI</strong></span> <span class='ocrx_word' id='word_1_4' title='bbox 1236 240 1292 274; x_wconf 84' lang='lat' dir='ltr'>XI</span> 
     </span>
    </p>
   </div>
   <div class='ocr_carea' id='block_1_2' title="bbox 243 324 1660 2237">
    <p class='ocr_par' dir='ltr' id='par_1_2' title="bbox 243 324 1656 1525">
     <span class='ocr_line' id='line_1_2' title="bbox 312 324 1648 376; baseline -0.003 0"><span class='ocrx_word' id='word_1_5' title='bbox 312 335 487 376; x_wconf 74' lang='lat' dir='ltr'>Interea</span> <span class='ocrx_word' id='word_1_6' title='bbox 510 337 667 373; x_wconf 87' lang='lat' dir='ltr'>autem</span> <span class='ocrx_word' id='word_1_7' title='bbox 693 343 790 371; x_wconf 89' lang='lat' dir='ltr'>non</span> <span class='ocrx_word' id='word_1_8' title='bbox 813 325 1024 371; x_wconf 81' lang='lat' dir='ltr'>cessabat</span> <span class='ocrx_word' id='word_1_9' title='bbox 1046 324 1107 371; x_wconf 91' lang='lat' dir='ltr'>ad</span> <span class='ocrx_word' id='word_1_10' title='bbox 1131 324 1340 370; x_wconf 86' lang='lat' dir='ltr'>futurum</span> <span class='ocrx_word' id='word_1_11' title='bbox 1364 324 1545 371; x_wconf 86' lang='lat' dir='ltr'>bellum</span> <span class='ocrx_word' id='word_1_12' title='bbox 1568 343 1648 372; x_wconf 90' lang='lat' dir='ltr'>ne-</span> 
     </span>
     <span class='ocr_line' id='line_1_3' title="bbox 243 401 1653 467; baseline -0.002 -15"><span class='ocrx_word' id='word_1_13' title='bbox 243 407 438 452; x_wconf 84' lang='lat' dir='ltr'>cessaria</span> <span class='ocrx_word' id='word_1_14' title='bbox 475 419 760 467; x_wconf 62' lang='lat' dir='ltr'>praeparare,</span> <span class='ocrx_word' id='word_1_15' title='bbox 803 403 1154 464; x_wconf 81' lang='lat' dir='ltr'>exercitumque</span> <span class='ocrx_word' id='word_1_16' title='bbox 1191 401 1554 465; x_wconf 85' lang='lat' dir='ltr'>undecumque,</span> <span class='ocrx_word' id='word_1_17' title='bbox 1593 403 1653 449; x_wconf 87' lang='lat' dir='ltr'>de</span> 
     </span>
     <span class='ocr_line' id='line_1_4' title="bbox 243 479 1653 542; baseline -0.003 -13"><span class='ocrx_word' id='word_1_18' title='bbox 243 483 462 529; x_wconf 83' lang='lat' dir='ltr'>omnibus</span> <span class='ocrx_word' id='word_1_19' title='bbox 487 482 581 526; x_wconf 88' lang='lat' dir='ltr'>suis</span> <span class='ocrx_word' id='word_1_20' title='bbox 606 481 738 526; x_wconf 87' lang='lat' dir='ltr'>terris</span> <span class='ocrx_word' id='word_1_21' title='bbox 765 490 808 525; x_wconf 90' lang='lat' dir='ltr'>et</span> <span class='ocrx_word' id='word_1_22' title='bbox 833 480 1056 525; x_wconf 85' lang='lat' dir='ltr'>dominiis</span> <span class='ocrx_word' id='word_1_23' title='bbox 1088 495 1379 542; x_wconf 83' lang='lat' dir='ltr'>suorumque</span> <span class='ocrx_word' id='word_1_24' title='bbox 1409 479 1653 526; x_wconf 89' lang='lat' dir='ltr'>foederato·</span> 
     </span>
     <span class='ocr_line' id='line_1_5' title="bbox 246 556 1654 620; baseline -0.001 -16"><span class='ocrx_word' id='word_1_25' title='bbox 246 577 372 616; x_wconf 83' lang='lat' dir='ltr'>rum,</span> <span class='ocrx_word' id='word_1_26' title='bbox 397 557 615 620; x_wconf 81' lang='lat' dir='ltr'><strong>colligere</strong></span> <span class='ocrx_word' id='word_1_27' title='bbox 640 567 684 603; x_wconf 90' lang='lat' dir='ltr'>et</span> <span class='ocrx_word' id='word_1_28' title='bbox 704 573 1014 619; x_wconf 69' lang='lat' dir='ltr'>congregare,</span> <span class='ocrx_word' id='word_1_29' title='bbox 1045 556 1228 601; x_wconf 87' lang='lat' dir='ltr'>munire</span> <span class='ocrx_word' id='word_1_30' title='bbox 1252 557 1391 602; x_wconf 91' lang='lat' dir='ltr'>etiam</span> <span class='ocrx_word' id='word_1_31' title='bbox 1416 556 1654 602; x_wconf 77' lang='lat' dir='ltr'>limitanea</span> 
     </span>
     <span class='ocr_line' id='line_1_6' title="bbox 244 632 1654 698; baseline -0.001 -17"><span class='ocrx_word' id='word_1_32' title='bbox 244 634 416 698; x_wconf 87' lang='lat' dir='ltr'>oppida</span> <span class='ocrx_word' id='word_1_33' title='bbox 453 645 496 679; x_wconf 79' lang='lat' dir='ltr'>ct</span> <span class='ocrx_word' id='word_1_34' title='bbox 532 634 717 680; x_wconf 85' lang='lat' dir='ltr'>castella</span> <span class='ocrx_word' id='word_1_35' title='bbox 736 671 746 690; x_wconf 86' lang='lat'>,</span> <span class='ocrx_word' id='word_1_36' title='bbox 774 643 870 679; x_wconf 87' lang='lat' dir='ltr'>tam</span> <span class='ocrx_word' id='word_1_37' title='bbox 897 642 1061 678; x_wconf 89' lang='lat' dir='ltr'>contra</span> <span class='ocrx_word' id='word_1_38' title='bbox 1093 632 1309 695; x_wconf 83' lang='lat' dir='ltr'>Anglicos</span> <span class='ocrx_word' id='word_1_39' title='bbox 1338 650 1494 679; x_wconf 90' lang='lat' dir='ltr'>versus</span> <span class='ocrx_word' id='word_1_40' title='bbox 1523 634 1654 680; x_wconf 87' lang='lat' dir='ltr'>Cale-</span> 
     </span>
     <span class='ocr_line' id='line_1_7' title="bbox 244 710 1653 773; baseline 0 -17"><span class='ocrx_word' id='word_1_41' title='bbox 244 714 386 770; x_wconf 85' lang='lat' dir='ltr'>sium,</span> <span class='ocrx_word' id='word_1_42' title='bbox 419 727 560 773; x_wconf 86' lang='lat' dir='ltr'>quam</span> <span class='ocrx_word' id='word_1_43' title='bbox 591 720 757 756; x_wconf 89' lang='lat' dir='ltr'>contra</span> <span class='ocrx_word' id='word_1_44' title='bbox 788 713 1078 755; x_wconf 76' lang='lat' dir='ltr'>Francorum</span> <span class='ocrx_word' id='word_1_45' title='bbox 1111 710 1339 773; x_wconf 83' lang='lat' dir='ltr'>impetuS,</span> <span class='ocrx_word' id='word_1_46' title='bbox 1373 720 1469 755; x_wconf 87' lang='lat' dir='ltr'>tam</span> <span class='ocrx_word' id='word_1_47' title='bbox 1493 726 1653 756; x_wconf 84' lang='lat' dir='ltr'>versus</span> 
     </span>
     <span class='ocr_line' id='line_1_8' title="bbox 246 788 1652 850; baseline 0 -17"><span class='ocrx_word' id='word_1_48' title='bbox 246 788 560 849; x_wconf 72' lang='lat' dir='ltr'>Burgundiam</span> <span class='ocrx_word' id='word_1_49' title='bbox 591 804 734 850; x_wconf 87' lang='lat' dir='ltr'>quam</span> <span class='ocrx_word' id='word_1_50' title='bbox 765 788 874 833; x_wconf 85' lang='lat' dir='ltr'>alias</span> <span class='ocrx_word' id='word_1_51' title='bbox 903 797 1044 833; x_wconf 84' lang='lat' dir='ltr'>terras</span> <span class='ocrx_word' id='word_1_52' title='bbox 1072 803 1194 833; x_wconf 77' lang='lat' dir='ltr'>suas,</span> <span class='ocrx_word' id='word_1_53' title='bbox 1221 790 1504 850; x_wconf 80' lang='lat' dir='ltr'>Quanquam</span> <span class='ocrx_word' id='word_1_54' title='bbox 1527 789 1652 833; x_wconf 88' lang='lat' dir='ltr'>enim</span> 
     </span>
     <span class='ocr_line' id='line_1_9' title="bbox 245 864 1654 927; baseline 0 -17"><span class='ocrx_word' id='word_1_55' title='bbox 245 866 302 911; x_wconf 91' lang='lat' dir='ltr'>de</span> <span class='ocrx_word' id='word_1_56' title='bbox 329 866 408 910; x_wconf 89' lang='lat' dir='ltr'>illo</span> <span class='ocrx_word' id='word_1_57' title='bbox 434 865 598 911; x_wconf 80' lang='lat' dir='ltr'>illustri</span> <span class='ocrx_word' id='word_1_58' title='bbox 633 865 832 922; x_wconf 80' lang='lat' dir='ltr'>foedere,</span> <span class='ocrx_word' id='word_1_59' title='bbox 872 865 988 909; x_wconf 90' lang='lat' dir='ltr'>inito</span> <span class='ocrx_word' id='word_1_60' title='bbox 1022 864 1143 909; x_wconf 88' lang='lat' dir='ltr'>inter</span> <span class='ocrx_word' id='word_1_61' title='bbox 1175 867 1463 910; x_wconf 76' lang='lat' dir='ltr'>Francorum</span> <span class='ocrx_word' id='word_1_62' title='bbox 1497 881 1654 927; x_wconf 84' lang='lat' dir='ltr'>regem</span> 
     </span>
     <span class='ocr_line' id='line_1_10' title="bbox 245 941 1654 1006; baseline 0.001 -19"><span class='ocrx_word' id='word_1_63' title='bbox 245 953 285 988; x_wconf 87' lang='lat' dir='ltr'>et</span> <span class='ocrx_word' id='word_1_64' title='bbox 313 943 555 1006; x_wconf 82' lang='lat' dir='ltr'>praefatum</span> <span class='ocrx_word' id='word_1_65' title='bbox 579 943 840 1006; x_wconf 79' lang='lat' dir='ltr'>principem</span> <span class='ocrx_word' id='word_1_66' title='bbox 868 941 1046 987; x_wconf 80' lang='lat' dir='ltr'>Walliae</span> <span class='ocrx_word' id='word_1_67' title='bbox 1063 977 1074 999; x_wconf 98' lang='lat'>,</span> <span class='ocrx_word' id='word_1_68' title='bbox 1103 941 1216 986; x_wconf 82' lang='lat' dir='ltr'>nihil</span> <span class='ocrx_word' id='word_1_69' title='bbox 1244 951 1344 986; x_wconf 91' lang='lat' dir='ltr'>tum</span> <span class='ocrx_word' id='word_1_70' title='bbox 1369 941 1524 987; x_wconf 86' lang='lat' dir='ltr'>adhuc</span> <span class='ocrx_word' id='word_1_71' title='bbox 1546 959 1654 988; x_wconf 89' lang='lat' dir='ltr'>cer-</span> 
     </span>
     <span class='ocr_line' id='line_1_11' title="bbox 244 1017 1655 1077; baseline 0.001 -13"><span class='ocrx_word' id='word_1_72' title='bbox 244 1030 344 1064; x_wconf 91' lang='lat' dir='ltr'>tum</span> <span class='ocrx_word' id='word_1_73' title='bbox 380 1019 598 1077; x_wconf 86' lang='lat' dir='ltr'>haberet,</span> <span class='ocrx_word' id='word_1_74' title='bbox 638 1019 697 1064; x_wconf 86' lang='lat' dir='ltr'>(le</span> <span class='ocrx_word' id='word_1_75' title='bbox 734 1019 988 1063; x_wconf 82' lang='lat' dir='ltr'>inimicitiis</span> <span class='ocrx_word' id='word_1_76' title='bbox 1023 1028 1181 1063; x_wconf 89' lang='lat' dir='ltr'>tamen</span> <span class='ocrx_word' id='word_1_77' title='bbox 1216 1017 1337 1062; x_wconf 85' lang='lat' dir='ltr'>illius</span> <span class='ocrx_word' id='word_1_78' title='bbox 1377 1019 1560 1063; x_wconf 85' lang='lat' dir='ltr'>comitis</span> <span class='ocrx_word' id='word_1_79' title='bbox 1595 1019 1655 1065; x_wconf 92' lang='lat' dir='ltr'>de</span> 
     </span>
     <span class='ocr_line' id='line_1_12' title="bbox 247 1094 1655 1158; baseline 0.002 -20"><span class='ocrx_word' id='word_1_80' title='bbox 247 1096 466 1141; x_wconf 66' lang='lat' dir='ltr'>Ilm-vich</span> <span class='ocrx_word' id='word_1_81' title='bbox 507 1106 552 1141; x_wconf 89' lang='lat' dir='ltr'>et</span> <span class='ocrx_word' id='word_1_82' title='bbox 600 1096 850 1140; x_wconf 85' lang='lat' dir='ltr'>adversum</span> <span class='ocrx_word' id='word_1_83' title='bbox 893 1112 941 1140; x_wconf 83' lang='lat' dir='ltr'>se</span> <span class='ocrx_word' id='word_1_84' title='bbox 973 1094 1277 1140; x_wconf 83' lang='lat' dir='ltr'>acerbissimo</span> <span class='ocrx_word' id='word_1_85' title='bbox 1313 1094 1454 1153; x_wconf 84' lang='lat' dir='ltr'>odio,</span> <span class='ocrx_word' id='word_1_86' title='bbox 1502 1112 1655 1158; x_wconf 88' lang='lat' dir='ltr'>neque</span> 
     </span>
     <span class='ocr_line' id='line_1_13' title="bbox 245 1172 1654 1237; baseline -0.001 -18"><span class='ocrx_word' id='word_1_87' title='bbox 245 1189 436 1237; x_wconf 85' lang='lat' dir='ltr'>anceps,</span> <span class='ocrx_word' id='word_1_88' title='bbox 474 1189 627 1235; x_wconf 87' lang='lat' dir='ltr'>neque</span> <span class='ocrx_word' id='word_1_89' title='bbox 653 1172 898 1234; x_wconf 83' lang='lat' dir='ltr'>ambiguus</span> <span class='ocrx_word' id='word_1_90' title='bbox 925 1181 1046 1228; x_wconf 85' lang='lat' dir='ltr'>erat;</span> <span class='ocrx_word' id='word_1_91' title='bbox 1074 1181 1119 1215; x_wconf 88' lang='lat' dir='ltr'>et</span> <span class='ocrx_word' id='word_1_92' title='bbox 1143 1179 1407 1233; x_wconf 86' lang='lat' dir='ltr'>propterea,</span> <span class='ocrx_word' id='word_1_93' title='bbox 1435 1187 1545 1216; x_wconf 88' lang='lat' dir='ltr'>cum</span> <span class='ocrx_word' id='word_1_94' title='bbox 1568 1189 1654 1235; x_wconf 89' lang='lat' dir='ltr'>pro</span> 
     </span>
     <span class='ocr_line' id='line_1_14' title="bbox 247 1247 1652 1314; baseline -0.001 -18"><span class='ocrx_word' id='word_1_95' title='bbox 247 1260 458 1314; x_wconf 86' lang='lat' dir='ltr'>tempore</span> <span class='ocrx_word' id='word_1_96' title='bbox 491 1268 601 1296; x_wconf 89' lang='lat' dir='ltr'>eum</span> <span class='ocrx_word' id='word_1_97' title='bbox 626 1250 765 1313; x_wconf 88' lang='lat' dir='ltr'>potiri</span> <span class='ocrx_word' id='word_1_98' title='bbox 799 1250 845 1294; x_wconf 93' lang='lat' dir='ltr'>in</span> <span class='ocrx_word' id='word_1_99' title='bbox 889 1248 1049 1310; x_wconf 60' lang='lat' dir='ltr'>Anglia</span> <span class='ocrx_word' id='word_1_100' title='bbox 1080 1247 1243 1305; x_wconf 85' lang='lat' dir='ltr'>rebus,</span> <span class='ocrx_word' id='word_1_101' title='bbox 1272 1247 1652 1310; x_wconf 89' lang='lat' dir='ltr'>Henricumque,</span> 
     </span>
     <span class='ocr_line' id='line_1_15' title="bbox 246 1324 1656 1387; baseline -0.001 -15"><span class='ocrx_word' id='word_1_102' title='bbox 246 1328 321 1372; x_wconf 86' lang='lat' dir='ltr'>cui</span> <span class='ocrx_word' id='word_1_103' title='bbox 345 1327 621 1372; x_wconf 83' lang='lat' dir='ltr'>conciliatus</span> <span class='ocrx_word' id='word_1_104' title='bbox 645 1336 766 1382; x_wconf 87' lang='lat' dir='ltr'>erat,</span> <span class='ocrx_word' id='word_1_105' title='bbox 804 1326 848 1369; x_wconf 91' lang='lat' dir='ltr'>in</span> <span class='ocrx_word' id='word_1_106' title='bbox 881 1340 1078 1387; x_wconf 85' lang='lat' dir='ltr'>regnum</span> <span class='ocrx_word' id='word_1_107' title='bbox 1106 1324 1360 1369; x_wconf 74' lang='lat' dir='ltr'>restituisse</span> <span class='ocrx_word' id='word_1_108' title='bbox 1386 1340 1483 1369; x_wconf 90' lang='lat' dir='ltr'>non</span> <span class='ocrx_word' id='word_1_109' title='bbox 1514 1325 1656 1386; x_wconf 86' lang='lat' dir='ltr'>igno-</span> 
     </span>
     <span class='ocr_line' id='line_1_16' title="bbox 247 1399 1655 1467; baseline -0.001 -19"><span class='ocrx_word' id='word_1_110' title='bbox 247 1414 395 1462; x_wconf 85' lang='lat' dir='ltr'>raret,</span> <span class='ocrx_word' id='word_1_111' title='bbox 444 1404 703 1467; x_wconf 74' lang='lat' dir='ltr'>prudenter</span> <span class='ocrx_word' id='word_1_112' title='bbox 746 1418 794 1447; x_wconf 87' lang='lat' dir='ltr'>se</span> <span class='ocrx_word' id='word_1_113' title='bbox 829 1411 994 1447; x_wconf 90' lang='lat' dir='ltr'>contra</span> <span class='ocrx_word' id='word_1_114' title='bbox 1026 1401 1198 1463; x_wconf 79' lang='lat' dir='ltr'>Anglos</span> <span class='ocrx_word' id='word_1_115' title='bbox 1234 1399 1655 1447; x_wconf 84' lang='lat' dir='ltr'>communiendum</span> 
     </span>
     <span class='ocr_line' id='line_1_17' title="bbox 247 1481 396 1525; baseline 0 0"><span class='ocrx_word' id='word_1_116' title='bbox 247 1481 396 1525; x_wconf 85' lang='lat' dir='ltr'>duxit.</span> 
     </span>
    </p>

    <p class='ocr_par' dir='ltr' id='par_1_3' title="bbox 247 1553 1660 2237">
     <span class='ocr_line' id='line_1_18' title="bbox 314 1553 1658 1611; baseline -0.002 -9"><span class='ocrx_word' id='word_1_117' title='bbox 314 1557 509 1602; x_wconf 75' lang='lat' dir='ltr'>Accessit</span> <span class='ocrx_word' id='word_1_118' title='bbox 533 1566 689 1601; x_wconf 89' lang='lat' dir='ltr'>autem</span> <span class='ocrx_word' id='word_1_119' title='bbox 716 1557 904 1601; x_wconf 84' lang='lat' dir='ltr'>interim</span> <span class='ocrx_word' id='word_1_120' title='bbox 928 1554 986 1600; x_wconf 88' lang='lat' dir='ltr'>ad</span> <span class='ocrx_word' id='word_1_121' title='bbox 1011 1557 1143 1600; x_wconf 89' lang='lat' dir='ltr'>eum¹</span> <span class='ocrx_word' id='word_1_122' title='bbox 1174 1553 1421 1600; x_wconf 87' lang='lat' dir='ltr'>Edoardus</span> <span class='ocrx_word' id='word_1_123' title='bbox 1445 1570 1522 1600; x_wconf 86' lang='lat' dir='ltr'>rex</span> <span class='ocrx_word' id='word_1_124' title='bbox 1542 1589 1553 1611; x_wconf 97' lang='lat'>,</span> <span class='ocrx_word' id='word_1_125' title='bbox 1586 1571 1658 1600; x_wconf 87' lang='lat' dir='ltr'>so-</span> 
     </span>
     <span class='ocr_line' id='line_1_19' title="bbox 248 1631 1655 1695; baseline -0.001 -17"><span class='ocrx_word' id='word_1_126' title='bbox 248 1635 400 1678; x_wconf 86' lang='lat' dir='ltr'>rorius</span> <span class='ocrx_word' id='word_1_127' title='bbox 433 1650 570 1691; x_wconf 87' lang='lat' dir='ltr'>suus,</span> <span class='ocrx_word' id='word_1_128' title='bbox 600 1642 650 1677; x_wconf 85' lang='lat' dir='ltr'>ut</span> <span class='ocrx_word' id='word_1_129' title='bbox 673 1633 838 1678; x_wconf 87' lang='lat' dir='ltr'>solatia</span> <span class='ocrx_word' id='word_1_130' title='bbox 869 1632 928 1677; x_wconf 86' lang='lat' dir='ltr'>ab</span> <span class='ocrx_word' id='word_1_131' title='bbox 959 1648 1015 1676; x_wconf 88' lang='lat' dir='ltr'>eo</span> <span class='ocrx_word' id='word_1_132' title='bbox 1046 1631 1312 1693; x_wconf 83' lang='lat' dir='ltr'>auxiliaque</span> <span class='ocrx_word' id='word_1_133' title='bbox 1338 1631 1571 1695; x_wconf 84' lang='lat' dir='ltr'>acciperet</span> <span class='ocrx_word' id='word_1_134' title='bbox 1595 1631 1655 1677; x_wconf 91' lang='lat' dir='ltr'>ad</span> 
     </span>
     <span class='ocr_line' id='line_1_20' title="bbox 247 1709 1657 1773; baseline 0 -18"><span class='ocrx_word' id='word_1_135' title='bbox 247 1710 625 1773; x_wconf 84' lang='lat' dir='ltr'>recuperandum</span> <span class='ocrx_word' id='word_1_136' title='bbox 668 1727 866 1771; x_wconf 76' lang='lat' dir='ltr'>regnum</span> <span class='ocrx_word' id='word_1_137' title='bbox 911 1726 1049 1754; x_wconf 88' lang='lat' dir='ltr'>suum</span> <span class='ocrx_word' id='word_1_138' title='bbox 1095 1709 1292 1772; x_wconf 82' lang='lat' dir='ltr'>Angliae,</span> <span class='ocrx_word' id='word_1_139' title='bbox 1343 1726 1467 1772; x_wconf 87' lang='lat' dir='ltr'>quo,</span> <span class='ocrx_word' id='word_1_140' title='bbox 1512 1709 1657 1755; x_wconf 90' lang='lat' dir='ltr'>modo</span> 
     </span>
     <span class='ocr_line' id='line_1_21' title="bbox 247 1788 1658 1853; baseline -0.001 -19"><span class='ocrx_word' id='word_1_141' title='bbox 247 1805 384 1851; x_wconf 86' lang='lat' dir='ltr'>quem</span> <span class='ocrx_word' id='word_1_142' title='bbox 414 1789 713 1853; x_wconf 68' lang='lat' dir='ltr'>praediximus</span> <span class='ocrx_word' id='word_1_143' title='bbox 742 1788 995 1852; x_wconf 77' lang='lat' dir='ltr'>profugUS,</span> <span class='ocrx_word' id='word_1_144' title='bbox 1029 1788 1256 1850; x_wconf 85' lang='lat' dir='ltr'>spoliatus</span> <span class='ocrx_word' id='word_1_145' title='bbox 1289 1797 1402 1833; x_wconf 87' lang='lat' dir='ltr'>erat.</span> <span class='ocrx_word' id='word_1_146' title='bbox 1439 1790 1553 1843; x_wconf 83' lang='lat' dir='ltr'>Quae</span> <span class='ocrx_word' id='word_1_147' title='bbox 1586 1803 1658 1832; x_wconf 89' lang='lat' dir='ltr'>res</span> 
     </span>
     <span class='ocr_line' id='line_1_22' title="bbox 247 1864 1657 1928; baseline -0.002 -16"><span class='ocrx_word' id='word_1_148' title='bbox 247 1883 354 1912; x_wconf 86' lang='lat' dir='ltr'>cum</span> <span class='ocrx_word' id='word_1_149' title='bbox 390 1867 498 1912; x_wconf 88' lang='lat' dir='ltr'>duci</span> <span class='ocrx_word' id='word_1_150' title='bbox 534 1866 814 1928; x_wconf 76' lang='lat' dir='ltr'>Burgundiae</span> <span class='ocrx_word' id='word_1_151' title='bbox 853 1865 1201 1928; x_wconf 84' lang='lat' dir='ltr'>pernecessaria</span> <span class='ocrx_word' id='word_1_152' title='bbox 1240 1874 1379 1928; x_wconf 87' lang='lat' dir='ltr'>atque</span> <span class='ocrx_word' id='word_1_153' title='bbox 1418 1864 1657 1910; x_wconf 85' lang='lat' dir='ltr'>utilissima</span> 
     </span>
     <span class='ocr_line' id='line_1_23' title="bbox 250 1940 1655 2005; baseline -0.001 -18"><span class='ocrx_word' id='word_1_154' title='bbox 250 1943 360 1988; x_wconf 85' lang='lat' dir='ltr'>foret</span> <span class='ocrx_word' id='word_1_155' title='bbox 383 1980 393 2001; x_wconf 95' lang='lat'>,</span> <span class='ocrx_word' id='word_1_156' title='bbox 424 1943 589 1988; x_wconf 85' lang='lat' dir='ltr'>eadem</span> <span class='ocrx_word' id='word_1_157' title='bbox 614 1953 659 1988; x_wconf 91' lang='lat' dir='ltr'>et</span> <span class='ocrx_word' id='word_1_158' title='bbox 684 1943 886 1988; x_wconf 84' lang='lat' dir='ltr'>libenter</span> <span class='ocrx_word' id='word_1_159' title='bbox 914 1952 958 1987; x_wconf 88' lang='lat' dir='ltr'>et</span> <span class='ocrx_word' id='word_1_160' title='bbox 985 1941 1365 2004; x_wconf 83' lang='lat' dir='ltr'>congratulanter</span> <span class='ocrx_word' id='word_1_161' title='bbox 1394 1940 1520 2005; x_wconf 87' lang='lat' dir='ltr'>apud</span> <span class='ocrx_word' id='word_1_162' title='bbox 1549 1957 1655 1986; x_wconf 92' lang='lat' dir='ltr'>eum</span> 
     </span>
     <span class='ocr_line' id='line_1_24' title="bbox 249 2017 1654 2082; baseline 0 -19"><span class='ocrx_word' id='word_1_163' title='bbox 249 2020 441 2064; x_wconf 82' lang='lat' dir='ltr'>invenit.</span> <span class='ocrx_word' id='word_1_164' title='bbox 470 2021 585 2066; x_wconf 88' lang='lat' dir='ltr'>Satis</span> <span class='ocrx_word' id='word_1_165' title='bbox 605 2020 731 2065; x_wconf 89' lang='lat' dir='ltr'>enim</span> <span class='ocrx_word' id='word_1_166' title='bbox 754 2018 1066 2065; x_wconf 81' lang='lat' dir='ltr'>verisimiliter</span> <span class='ocrx_word' id='word_1_167' title='bbox 1085 2019 1301 2064; x_wconf 63' lang='lat' dir='ltr'>{estimari</span> <span class='ocrx_word' id='word_1_168' title='bbox 1329 2028 1482 2082; x_wconf 88' lang='lat' dir='ltr'>potest</span> <span class='ocrx_word' id='word_1_169' title='bbox 1504 2017 1654 2081; x_wconf 85' lang='lat' dir='ltr'>quod,</span> 
     </span>
     <span class='ocr_line' id='line_1_25' title="bbox 249 2095 1660 2161; baseline -0.001 -21"><span class='ocrx_word' id='word_1_170' title='bbox 249 2097 285 2141; x_wconf 89' lang='lat' dir='ltr'>si</span> <span class='ocrx_word' id='word_1_171' title='bbox 313 2113 382 2141; x_wconf 82' lang='lat' dir='ltr'>res</span> <span class='ocrx_word' id='word_1_172' title='bbox 406 2097 647 2161; x_wconf 70' lang='lat' dir='ltr'>secundae,</span> <span class='ocrx_word' id='word_1_173' title='bbox 671 2096 1079 2159; x_wconf 86' lang='lat' dir='ltr'>quemadmodum</span> <span class='ocrx_word' id='word_1_174' title='bbox 1100 2096 1233 2141; x_wconf 88' lang='lat' dir='ltr'>initio</span> <span class='ocrx_word' id='word_1_175' title='bbox 1258 2095 1419 2141; x_wconf 89' lang='lat' dir='ltr'>comiti</span> <span class='ocrx_word' id='word_1_176' title='bbox 1436 2095 1494 2140; x_wconf 94' lang='lat' dir='ltr'>de</span> <span class='ocrx_word' id='word_1_177' title='bbox 1518 2099 1660 2140; x_wconf 71' lang='grc' dir='ltr'><em>[Γαν-</em></span> 
     </span>
     <span class='ocr_line' id='line_1_26' title="bbox 251 2173 1658 2237; baseline -0.001 -19"><span class='ocrx_word' id='word_1_178' title='bbox 251 2173 345 2218; x_wconf 58' lang='lat' dir='ltr'>vicli</span> <span class='ocrx_word' id='word_1_179' title='bbox 380 2174 679 2236; x_wconf 80' lang='lat' dir='ltr'>Henricoque</span> <span class='ocrx_word' id='word_1_180' title='bbox 702 2175 798 2237; x_wconf 81' lang='lat' dir='ltr'>regi</span> <span class='ocrx_word' id='word_1_181' title='bbox 822 2184 866 2219; x_wconf 94' lang='lat' dir='ltr'>et</span> <span class='ocrx_word' id='word_1_182' title='bbox 891 2174 985 2219; x_wconf 88' lang='lat' dir='ltr'>suis</span> <span class='ocrx_word' id='word_1_183' title='bbox 1013 2182 1350 2236; x_wconf 78' lang='lat' dir='ltr'>provenerant,</span> <span class='ocrx_word' id='word_1_184' title='bbox 1383 2187 1658 2235; x_wconf 88' lang='lat' dir='ltr'>permansu-</span> 
     </span>
    </p>
   </div>
   <div class='ocr_carea' id='block_1_3' title="bbox 246 2297 1661 2761">
    <p class='ocr_par' dir='ltr' id='par_1_4' title="bbox 246 2297 1661 2643">
     <span class='ocr_line' id='line_1_27' title="bbox 250 2297 1658 2348; baseline -0.001 -13"><span class='ocrx_word' id='word_1_185' title='bbox 250 2299 452 2343; x_wconf 73' lang='lat' dir='ltr'>environs,</span> <span class='ocrx_word' id='word_1_186' title='bbox 481 2312 529 2334; x_wconf 91' lang='lat' dir='ltr'>ou</span> <span class='ocrx_word' id='word_1_187' title='bbox 559 2299 678 2348; x_wconf 68' lang='lat' dir='ltr'>plutot</span> <span class='ocrx_word' id='word_1_188' title='bbox 705 2300 769 2336; x_wconf 73' lang='lat' dir='ltr'>des</span> <span class='ocrx_word' id='word_1_189' title='bbox 795 2300 974 2337; x_wconf 87' lang='lat' dir='ltr'>environs</span> <span class='ocrx_word' id='word_1_190' title='bbox 999 2299 1214 2345; x_wconf 79' lang='lat' dir='ltr'>‹l&#39;Amicns,</span> <span class='ocrx_word' id='word_1_191' title='bbox 1238 2311 1385 2335; x_wconf 82' lang='lat' dir='ltr'>comme</span> <span class='ocrx_word' id='word_1_192' title='bbox 1405 2297 1658 2347; x_wconf 80' lang='lat' dir='ltr'>Vignacourt‚</span> 
     </span>
     <span class='ocr_line' id='line_1_28' title="bbox 251 2358 1661 2408; baseline 0 -15"><span class='ocrx_word' id='word_1_193' title='bbox 251 2358 378 2406; x_wconf 80' lang='lat' dir='ltr'>Belloy</span> <span class='ocrx_word' id='word_1_194' title='bbox 401 2365 437 2393; x_wconf 80' lang='lat' dir='ltr'>et</span> <span class='ocrx_word' id='word_1_195' title='bbox 456 2366 581 2393; x_wconf 72' lang='lat' dir='ltr'>autres</span> <span class='ocrx_word' id='word_1_196' title='bbox 602 2358 768 2394; x_wconf 79' lang='lat' dir='ltr'>localites</span> <span class='ocrx_word' id='word_1_197' title='bbox 782 2389 790 2405; x_wconf 90' lang='lat'>,</span> <span class='ocrx_word' id='word_1_198' title='bbox 814 2361 860 2395; x_wconf 78' lang='lat' dir='ltr'>ou</span> <span class='ocrx_word' id='word_1_199' title='bbox 882 2359 917 2396; x_wconf 89' lang='lat' dir='ltr'>le</span> <span class='ocrx_word' id='word_1_200' title='bbox 938 2359 1010 2395; x_wconf 87' lang='lat' dir='ltr'>duc</span> <span class='ocrx_word' id='word_1_201' title='bbox 1032 2371 1215 2408; x_wconf 86' lang='lat' dir='ltr'>promena</span> <span class='ocrx_word' id='word_1_202' title='bbox 1242 2370 1309 2394; x_wconf 79' lang='lat' dir='ltr'>son</span> <span class='ocrx_word' id='word_1_203' title='bbox 1335 2370 1465 2406; x_wconf 85' lang='lat' dir='ltr'>camp,</span> <span class='ocrx_word' id='word_1_204' title='bbox 1493 2369 1570 2392; x_wconf 87' lang='lat' dir='ltr'>non</span> <span class='ocrx_word' id='word_1_205' title='bbox 1594 2369 1661 2406; x_wconf 86' lang='lat' dir='ltr'>pas</span> 
     </span>
     <span class='ocr_line' id='line_1_29' title="bbox 252 2414 1659 2468; baseline -0.001 -16"><span class='ocrx_word' id='word_1_206' title='bbox 252 2416 417 2466; x_wconf 77' lang='lat' dir='ltr'>pendant</span> <span class='ocrx_word' id='word_1_207' title='bbox 443 2415 630 2465; x_wconf 79' lang='lat' dir='ltr'>plusieurs</span> <span class='ocrx_word' id='word_1_208' title='bbox 657 2417 771 2462; x_wconf 68' lang='lat' dir='ltr'>mois,</span> <span class='ocrx_word' id='word_1_209' title='bbox 801 2418 892 2454; x_wconf 74' lang='lat' dir='ltr'>mais</span> <span class='ocrx_word' id='word_1_210' title='bbox 919 2417 1086 2468; x_wconf 85' lang='lat' dir='ltr'>pendant</span> <span class='ocrx_word' id='word_1_211' title='bbox 1112 2417 1201 2453; x_wconf 81' lang='lat' dir='ltr'>trois</span> <span class='ocrx_word' id='word_1_212' title='bbox 1222 2416 1408 2453; x_wconf 72' lang='lat' dir='ltr'>semaines</span> <span class='ocrx_word' id='word_1_213' title='bbox 1429 2414 1659 2461; x_wconf 82' lang='lat' dir='ltr'>seulement,</span> 
     </span>
     <span class='ocr_line' id='line_1_30' title="bbox 246 2473 1659 2526; baseline -0.001 -15"><span class='ocrx_word' id='word_1_214' title='bbox 246 2475 395 2524; x_wconf 70' lang='lat' dir='ltr'>jusqu&#39;ii</span> <span class='ocrx_word' id='word_1_215' title='bbox 418 2488 459 2511; x_wconf 83' lang='lat' dir='ltr'>ce</span> <span class='ocrx_word' id='word_1_216' title='bbox 481 2475 570 2524; x_wconf 86' lang='lat' dir='ltr'>qu&#39;il</span> <span class='ocrx_word' id='word_1_217' title='bbox 593 2487 631 2510; x_wconf 78' lang='lat' dir='ltr'>sc</span> <span class='ocrx_word' id='word_1_218' title='bbox 651 2478 797 2510; x_wconf 64' lang='lat' dir='ltr'>mnu-fu</span> <span class='ocrx_word' id='word_1_219' title='bbox 821 2489 866 2512; x_wconf 81' lang='lat' dir='ltr'>cn</span> <span class='ocrx_word' id='word_1_220' title='bbox 888 2477 989 2511; x_wconf 71' lang='lat' dir='ltr'>force</span> <span class='ocrx_word' id='word_1_221' title='bbox 1011 2490 1108 2526; x_wconf 86' lang='lat' dir='ltr'>pour</span> <span class='ocrx_word' id='word_1_222' title='bbox 1128 2475 1292 2526; x_wconf 73' lang='lat' dir='ltr'>assieger</span> <span class='ocrx_word' id='word_1_223' title='bbox 1312 2474 1479 2511; x_wconf 79' lang='lat' dir='ltr'>Amiens.</span> <span class='ocrx_word' id='word_1_224' title='bbox 1503 2473 1659 2510; x_wconf 85' lang='lat' dir='ltr'>Journal</span> 
     </span>
     <span class='ocr_line' id='line_1_31' title="bbox 252 2533 1657 2585; baseline -0.002 -15"><span class='ocrx_word' id='word_1_225' title='bbox 252 2534 299 2571; x_wconf 85' lang='lat' dir='ltr'>de</span> <span class='ocrx_word' id='word_1_226' title='bbox 322 2536 355 2570; x_wconf 81' lang='lat' dir='ltr'>la</span> <span class='ocrx_word' id='word_1_227' title='bbox 378 2534 524 2571; x_wconf 78' lang='lat' dir='ltr'>Maison</span> <span class='ocrx_word' id='word_1_228' title='bbox 548 2533 593 2570; x_wconf 85' lang='grc'>(16</span> <span class='ocrx_word' id='word_1_229' title='bbox 619 2536 866 2584; x_wconf 71' lang='lat' dir='ltr'>Boiu-gogne,</span> <span class='ocrx_word' id='word_1_230' title='bbox 889 2535 981 2571; x_wconf 74' lang='lat' dir='ltr'>daus</span> <span class='ocrx_word' id='word_1_231' title='bbox 1003 2535 1159 2585; x_wconf 73' lang='lat' dir='ltr'>Lcnglet.</span> <span class='ocrx_word' id='word_1_232' title='bbox 1179 2535 1409 2583; x_wconf 83' lang='lat' dir='ltr'>Dufresnoy,</span> <span class='ocrx_word' id='word_1_233' title='bbox 1434 2536 1657 2577; x_wconf 73' lang='lat' dir='ltr'>commines,</span> 
     </span>
     <span class='ocr_line' id='line_1_32' title="bbox 251 2596 534 2643; baseline 0 -14"><span class='ocrx_word' id='word_1_234' title='bbox 251 2601 276 2629; x_wconf 86' lang='lat' dir='ltr'>t.</span> <span class='ocrx_word' id='word_1_235' title='bbox 303 2596 359 2640; x_wconf 92' lang='lat'>11,</span> <span class='ocrx_word' id='word_1_236' title='bbox 383 2607 420 2643; x_wconf 81' lang='lat' dir='ltr'>p.</span> <span class='ocrx_word' id='word_1_237' title='bbox 450 2596 534 2631; x_wconf 75' lang='lat'>197.</span> 
     </span>
    </p>

    <p class='ocr_par' dir='ltr' id='par_1_5' title="bbox 256 2648 1657 2761">
     <span class='ocr_line' id='line_1_33' title="bbox 313 2648 1657 2702; baseline -0.002 -16"><span class='ocrx_word' id='word_1_238' title='bbox 313 2654 342 2689; x_wconf 85' lang='lat'>1.</span> <span class='ocrx_word' id='word_1_239' title='bbox 377 2651 697 2699; x_wconf 75' lang='lat' dir='ltr'>Anachronisnie,</span> <span class='ocrx_word' id='word_1_240' title='bbox 721 2651 880 2701; x_wconf 80' lang='lat' dir='ltr'>puisque</span> <span class='ocrx_word' id='word_1_241' title='bbox 906 2650 938 2686; x_wconf 75' lang='grc'>16</span> <span class='ocrx_word' id='word_1_242' title='bbox 959 2652 1012 2687; x_wconf 81' lang='lat' dir='ltr'>roi</span> <span class='ocrx_word' id='word_1_243' title='bbox 1031 2652 1295 2702; x_wconf 78' lang='lat' dir='ltr'>d&#39;Angleterre</span> <span class='ocrx_word' id='word_1_244' title='bbox 1315 2650 1417 2687; x_wconf 80' lang='lat' dir='ltr'>avait</span> <span class='ocrx_word' id='word_1_245' title='bbox 1431 2648 1622 2697; x_wconf 72' lang='lat' dir='ltr'>debarquc&#39;·</span> <span class='ocrx_word' id='word_1_246' title='bbox 1639 2649 1657 2683; x_wconf 69' lang='lat' dir='ltr'>a</span> 
     </span>
     <span class='ocr_line' id='line_1_34' title="bbox 256 2707 1656 2761; baseline -0.001 -16"><span class='ocrx_word' id='word_1_247' title='bbox 256 2710 288 2746; x_wconf 82' lang='lat' dir='ltr'>la</span> <span class='ocrx_word' id='word_1_248' title='bbox 311 2713 416 2761; x_wconf 77' lang='lat' dir='ltr'>Ilaye</span> <span class='ocrx_word' id='word_1_249' title='bbox 437 2710 538 2747; x_wconf 68' lang='lat' dir='ltr'>doux</span> <span class='ocrx_word' id='word_1_250' title='bbox 559 2710 653 2747; x_wconf 79' lang='lat' dir='ltr'>mois</span> <span class='ocrx_word' id='word_1_251' title='bbox 674 2719 787 2746; x_wconf 84' lang='lat' dir='ltr'>avant</span> <span class='ocrx_word' id='word_1_252' title='bbox 807 2721 881 2758; x_wconf 87' lang='lat' dir='ltr'>que</span> <span class='ocrx_word' id='word_1_253' title='bbox 902 2709 937 2745; x_wconf 85' lang='lat' dir='ltr'>la</span> <span class='ocrx_word' id='word_1_254' title='bbox 957 2723 1093 2760; x_wconf 81' lang='lat' dir='ltr'>guerre</span> <span class='ocrx_word' id='word_1_255' title='bbox 1114 2710 1260 2746; x_wconf 70' lang='lat' dir='ltr'>celauit.</span> <span class='ocrx_word' id='word_1_256' title='bbox 1281 2709 1488 2754; x_wconf 82' lang='lat' dir='ltr'>Ci·dessus,</span> <span class='ocrx_word' id='word_1_257' title='bbox 1510 2721 1548 2756; x_wconf 87' lang='lat' dir='ltr'>p.</span> <span class='ocrx_word' id='word_1_258' title='bbox 1565 2707 1656 2743; x_wconf 64' lang='lat'><strong>⁹246.</strong></span> 
     </span>
    </p>
   </div>
  </div>
 </body>
</html>
