1923 3020
752 263 892 299 LIBER
919 261 1132 297 TERTIUS.
1566 260 1640 294 249

245 364 397 410 regem
427 352 711 395 Francorum
743 347 866 394 bello
898 357 965 394 est
998 347 1204 392 adortus.
1235 345 1491 391 Verebatur
1513 346 1640 389 enim

243 425 575 470 criminationis
604 435 741 488 atque
765 426 962 471 infamiae
982 424 1122 470 talem
1146 434 1334 484 tamque
1360 432 1542 485 turpem
1563 437 1643 466 no-

245 510 337 546 tam
367 503 624 560 incurrere,
654 512 701 547 ut
739 512 832 548 tam
862 502 1133 547 solemniter
1164 500 1368 563 percussi
1400 508 1445 544 et
1474 498 1640 544 sacrati

245 578 428 624 foederis
467 578 593 639 apud
628 580 882 634 Pcronam⁷
909 578 981 623 vel
1018 594 1125 623 cum
1156 577 1349 621 minima
1379 592 1432 621 ac
1460 575 1641 620 tenuis—

243 656 358 699 sima
378 653 672 715 apparentia,
704 653 924 698 infractor
947 653 1005 698 ab
1029 654 1185 713 aliquo
1213 652 1303 697 dici
1329 654 1524 714 posset¹.
1552 650 1642 695 Sed

243 731 290 774 in
310 728 400 773 hoc
416 745 513 773 non
534 729 708 790 quievit
728 732 1011 773 Francorum
1035 745 1139 785 rex,
1161 744 1247 773 nec
1265 744 1374 772 suus
1395 727 1642 790 przrdictus

243 804 693 851 connestabularius.

306 885 480 927 Verum
505 883 644 927 etiam
671 891 715 927 et
748 880 954 926 nobilem
986 881 1346 926 Ambianensem
1378 882 1638 938 civitatem,

242 958 611 1021 repugnantibus
640 975 726 1003 nec
758 956 1117 1003 assentientibus
1149 957 1498 1002 honestioribus
1529 958 1642 1002 civi-

242 1035 329 1080 bus
358 1036 474 1094 loci,
517 1035 637 1097 vulgi
669 1035 893 1099 praecipiti
926 1045 971 1080 et
1006 1034 1270 1080 inconsulta
1304 1044 1443 1096 atque
1471 1036 1642 1080 tumul-

243 1113 390 1158 tuaria
417 1113 638 1171 factione,
667 1113 876 1158 similiter
911 1112 1108 1174 recepit,
1146 1121 1188 1156 et
1220 1127 1246 1156 a
1278 1111 1410 1155 ducis
1431 1114 1641 1172 Burgun-

242 1187 442 1234 dionum
467 1188 646 1234 ditione
670 1188 934 1233 abstraxit2.
968 1191 1022 1233 Et
1054 1189 1208 1251 primo
1241 1187 1458 1250 quidem,
1488 1204 1593 1233 cum
1618 1204 1644 1233 a

242 1266 378 1310 certis
408 1266 783 1321 commissariis³‚
822 1265 957 1326 regiis
991 1265 1274 1327 quibusdam
1309 1265 1520 1326 equitum
1553 1275 1645 1309 tur-

244 1344 329 1387 mis
379 1344 585 1401 sociatis‚
637 1343 856 1388 summati
896 1359 951 1387 ex
998 1352 1130 1405 parte
1178 1342 1296 1404 regis
1339 1341 1645 1404 requisitique

243 1419 434 1464 fuissent
471 1429 522 1464 ut
557 1436 656 1465 sese
692 1420 948 1476 dederent,
990 1419 1188 1464 consilio
1229 1418 1533 1481 prudentium
1562 1417 1645 1462 ho-

243 1497 596 1560 nestiorumque
640 1498 836 1543 civitatis
879 1513 927 1542 se
971 1496 1299 1542 honestissima
1338 1495 1644 1558 responsione

243 1573 528 1634 tutabantur,
552 1584 865 1638 poterantque
891 1590 1076 1637 semper
1098 1573 1265 1619 eadem
1292 1589 1339 1617 56
1372 1572 1645 1617 defensione

245 1653 389 1709 tueri,
426 1653 462 1696 si
495 1653 542 1697 in
572 1651 738 1698 eadem
769 1652 998 1698 sententia
1032 1651 1154 1696 firmi
1185 1650 1416 1713 solidique
1452 1650 1647 1695 fuissent

244 1745 297 1774 ac
322 1731 639 1776 mansissent&
673 1733 964 1793 Responsum
983 1729 1110 1774 enim
1137 1738 1250 1773 tunc
1275 1727 1486 1773 consulte
1509 1726 1646 1772 dede-

298 1903 332 1936 1.
365 1900 632 1951 Appreciation
654 1901 873 1938 tres-fausse
893 1901 959 1938 des
981 1902 1221 1952 dispositions
1241 1901 1291 1937 du
1312 1900 1404 1945 duc,
1430 1904 1494 1950 qui
1515 1912 1645 1950 regar-

244 1960 322 1996 dait
342 1960 376 1997 16
397 1961 504 1997 traite
524 1960 570 1997 (le
591 1961 762 1997 Peronne
782 1974 928 1998 comme
952 1975 1086 2011 rompu
1111 1974 1180 2011 par
1199 1961 1234 1997 la
1254 1960 1446 2009 receptior]
1467 1959 1513 1996 (16
1533 1962 1643 1996 VVar—

244 2019 335 2055 wick
361 2019 614 2065 (Chastelain‚
637 2027 731 2068 part.
756 2022 834 2064 III,
862 2020 921 2055 ch.
952 2023 1104 2066 cxcxx),
1130 2018 1221 2054 mais
1246 2018 1312 2067 qui
1337 2017 1481 2066 croyait
1505 2017 1534 2053 si
1556 2016 1643 2054 bien

244 2078 418 2115 dominer
446 2078 559 2114 Louis
584 2079 638 2113 >31
667 2091 734 2127 par
758 2078 793 2114 la
819 2092 928 2128 peur,
956 2079 1048 2127 qu'il
1073 2091 1121 2115 ne
1143 2092 1182 2114 se
1208 2078 1334 2114 donna
1354 2077 1389 2113 la
1407 2077 1518 2127 peine
1538 2077 1576 2113 ni
1597 2076 1644 2113 de

245 2137 374 2174 reunir
399 2150 457 2174 ses
492 2145 665 2186 troupes,
694 2136 733 2172 ni
753 2137 798 2173 de
819 2146 952 2174 mettre
979 2150 1025 2173 en
1052 2138 1126 2173 etat
1147 2137 1192 2173 de
1213 2137 1365 2173 defense
1391 2136 1444 2172 les
1469 2135 1577 2172 villes
1597 2135 1644 2172 de

246 2195 280 2232 la
312 2198 482 2242 Smnme,
506 2196 670 2245 quoique
696 2196 730 2232 16
754 2196 827 2232 duc
852 2196 898 2233 de
921 2195 1099 2232 Bourbon
1120 2196 1173 2232 lui
1196 2198 1258 2233 eut
1281 2195 1405 2232 donne
1426 2208 1513 2231 sous
1543 2195 1643 2231 main

244 2253 352 2290 l'avis
373 2253 438 2291 des
456 2255 595 2304 projets
614 2267 688 2303 que
710 2254 742 2290 16
764 2255 818 2291 roi
841 2255 990 2291 formait
1017 2263 1147 2291 contre
1177 2268 1237 2292 ces
1269 2254 1389 2290 villes.
1413 2253 1641 2299 Commines,

247 2313 271 2348 1.
294 2316 363 2359 111,
385 2313 444 2351 ch.
468 2329 495 2350 1.

300 2374 333 2409 2.
366 2375 418 2409 Le
440 2375 462 2408 2
485 2374 623 2410 fc'vrier
644 2376 759 2410 1471.

300 2433 337 2468 3.
368 2433 436 2468 Ces
462 2433 736 2469 commissaires
763 2432 900 2469 etaient
927 2432 979 2468 les
1005 2431 1198 2481 seigneurs
1225 2431 1271 2468 (16
1295 2433 1431 2480 Torcy,
1453 2430 1499 2467 de
1520 2434 1644 2467 Bean-

249 2499 352 2526 mont
378 2498 414 2526 et
438 2491 483 2527 (16
511 2491 701 2527 Puisieux.
725 2491 815 2527 Voir
840 2490 874 2526 le
899 2490 990 2526 recit
1012 2489 1080 2525 tire'
1101 2489 1166 2526 des
1186 2489 1362 2540 registres
1383 2489 1429 2526 de
1450 2489 1576 2525 l'liotel
1598 2489 1645 2526 de

247 2550 336 2587 ville
359 2550 552 2587 d'Amiens
577 2553 694 2599 (Aug.
718 2550 890 2599 Thiorry,
912 2549 1065 2586 Recueil
1092 2549 1157 2586 des
1183 2553 1424 2586 Monuments
1444 2548 1578 2585 inedits
1599 2548 1645 2585 de

247 2610 438 2646 l'Histoire
459 2609 509 2645 du
528 2603 756 2655 Tieis-Etat,
780 2618 806 2646 t.
832 2612 886 2655 11,
909 2623 946 2659 p.
972 2611 1088 2655 329),
1112 2609 1205 2645 recit
1223 2609 1338 2645 ‹Fune
1358 2617 1540 2645 tournure
1561 2617 1644 2658 trop

248 2668 439 2715 officieHe,
462 2677 498 2705 et
515 2668 605 2717 qu'il
626 2668 760 2705 faudra
782 2668 953 2705 modifier
975 2682 1041 2718 par
1060 2668 1157 2705 celui
1178 2667 1224 2704 de
1243 2668 1404 2705 Thomas
1424 2668 1547 2707 Basin.

302 2729 338 2764 4.
373 2727 419 2764 115
438 2741 460 2776 y
476 2727 639 2764 sei-aient
656 2728 771 2764 restes
788 2727 816 2763 si
836 2727 869 2764 le
885 2727 957 2764 duc
975 2727 1021 2764 de
1036 2730 1277 2778 Bourgogne,
1296 2727 1360 2776 qui
1377 2727 1467 2763 etait
1482 2740 1645 2763 accouru
