1923 3020
296 239 342 272 18
654 207 987 271 HISTORIARUM
1018 234 1251 269 LUDOVICI
1280 234 1335 267 XI

295 326 399 367 Dux
435 332 589 366 tamen
630 321 882 377 Borbonii,
931 338 1014 383 pro
1054 337 1139 365 suo
1173 319 1398 364 comitatu
1437 326 1482 362 et
1525 317 1689 375 turba,

295 398 505 461 profecto
530 398 659 444 nullo
688 399 881 443 inferior
906 397 1006 441 suit.

357 477 475 519 Cum
513 484 670 520 autem
713 491 791 518 rex
837 475 881 518 in
921 473 1047 518 illam
1083 471 1400 517 venerandam
1449 470 1693 516 ecelesiam

292 550 518 611 majorem
550 551 825 606 introiisset,
864 559 909 595 et
943 549 1207 594 orationem
1240 552 1340 594 Deo
1380 547 1694 610 omnipotenti

291 643 344 672 ac
374 626 584 687 gloriosae
615 626 816 687 Virgini,
856 624 1066 686 ejusdem
1093 624 1254 687 templi
1283 635 1327 670 et
1350 623 1552 669 ecclesiae
1583 640 1692 685 spe·-

290 702 391 748 ciali
418 713 652 765 patronae⁷
688 719 773 765 pro
798 718 881 747 sua
906 702 1159 747 devotione
1185 701 1404 756 fudisset,
1432 716 1693 745 conscenso

290 781 459 825 iteruin
482 795 622 841 equo,
645 795 755 824 cum
776 778 1068 841 principibus
1092 794 1145 823 ac
1171 776 1444 840 proceribus
1463 776 1523 822 ad
1543 776 1695 839 regale

291 857 554 920 palatium¹‚
596 855 674 901 ubi
697 857 966 901 convivium
993 856 1099 900 luxu
1137 855 1274 914 regali
1309 865 1567 917 caeteraque
1587 872 1694 917 per-

290 934 485 979 tinentia
506 932 962 996 magnificentissime
986 942 1208 994 apparata
1234 941 1390 987 erant,
1418 948 1465 976 se
1491 932 1690 994 recepit,

291 1008 447 1071 ibique
471 1010 780 1073 pernoctavit.

767 1246 1050 1289 CAPth'LU
1059 1246 1103 1288 M
1148 1247 1220 1288 Vl.

289 1386 444 1428 Qualiter
467 1397 526 1418 rex
549 1383 674 1417 officiis
697 1383 794 1428 regni
812 1383 1022 1429 provideritg
1048 1393 1078 1416 et
1096 1383 1139 1417 de
1159 1385 1359 1430 inexplebili
1380 1386 1539 1429 avaritia,
1562 1387 1691 1433 rapinis

659 1446 758 1482 atquo
778 1436 867 1470 dolis
883 1436 1017 1470 domini
1041 1436 1083 1469 sle
1109 1438 1329 1473 ittlorztazclbcn,

354 1578 566 1622 Crastino
593 1589 750 1621 autem
774 1575 848 1620 die
873 1575 931 1619 ad
966 1575 1164 1619 domum
1195 1576 1384 1619 accessit
1419 1591 1520 1637 quae
1555 1576 1694 1638 vulgo

293 1674 313 1696 α
337 1654 396 1699 ad
419 1655 709 1699 'ruri-iculas2
731 1672 750 1695 »
781 1652 1067 1715 appellatur,
1102 1669 1204 1713 quae
1240 1652 1557 1698 Aurelianensi
1587 1653 1692 1698 duci

289 1730 547 1792 spectabat,
563 1731 695 1791 juxta
713 1729 944 1774 Bastiliam
964 1728 1110 1774 sancti
1140 1728 1354 1786 Antonii3
1380 1745 1529 1791 prope
1552 1745 1693 1791 qnam

291 1808 505 1864 domum,
538 1817 585 1851 ut
612 1808 670 1851 de
691 1822 744 1851 ea
770 1822 794 1851 a
813 1806 1001 1851 nemine
1021 1806 1162 1862 visus,
1190 1822 1296 1850 cum
1321 1805 1470 1859 vellet,
1496 1805 1693 1850 domum

291 1884 435 1929 sancti
456 1882 581 1927 Pauli
597 1884 609 1905 ³
635 1892 791 1945 petere
808 1882 967 1926 liceret
995 1882 1125 1942 (quae
1146 1880 1260 1925 otim
1282 1882 1355 1926 avi
1377 1882 1445 1926 sui
1470 1880 1696 1927 habitatio

295 1961 582 2022 frequentior
610 1960 742 2019 suit),
768 1958 938 2004 exstrui
965 1958 1064 2002 fecit
1091 1957 1346 2019 qnamdam
1371 1958 1589 2019 galeriam
1616 1975 1695 2003 seu

294 2039 541 2083 transitum
584 2055 667 2101 pei·
709 2047 1026 2083 transversum
1069 2045 1220 2081 stratae
1265 2036 1462 2099 publicae
1484 2038 1519 2092 ·'·,
1557 2053 1697 2099 supra

296 2114 409 2176 pilas
445 2132 523 2159 sen
565 2114 810 2159 columnas
842 2113 1075 2157 elevatum
1101 2147 1110 2164 ‚
1157 2113 1217 2158 ita
1255 2113 1382 2175 quod
1418 2130 1499 2176 per
1533 2114 1699 2158 subtus

295 2190 510 2234 curribus
535 2201 577 2235 et
602 2189 837 2252 equitibus
868 2189 984 2233 liber
1012 2188 1229 2233 transitus
1256 2199 1532 2234 remaneret.

362 2270 575 2321 Quantus
599 2276 755 2311 autem
779 2281 1035 2310 concursus
1059 2264 1117 2309 acl
1143 2264 1265 2310 illam
1293 2265 1454 2311 urbem
1479 2266 1626 2311 suerat
1645 2283 1696 2312 ex

296 2342 516 2388 omnibus
542 2342 961 2404 provinciisregni,
990 2351 1083 2385 tani
1103 2357 1266 2386 eorum
1297 2343 1375 2403 qni
1398 2342 1485 2387 sub
1518 2344 1699 2406 optimo

297 2420 506 2481 genitore
536 2435 620 2463 suo
658 2418 811 2462 officia
848 2429 988 2479 atque
1027 2418 1456 2465 administrationes
1491 2420 1700 2483 publicas

353 2543 388 2577 1.
420 2541 479 2575 Au
501 2536 635 2582 Palam,
662 2548 707 2571 en
729 2534 765 2571 la
792 2535 883 2571 Citc.

350 2601 387 2632 21.
421 2595 566 2633 L'botel
588 2595 652 2631 des
675 2593 911 2630 't'oui-netles.

351 2660 385 2694 3.
420 2655 563 2692 L'li‹'›tel
588 2654 827 2693 Saint-Paul.

351 2719 389 2753 4.
422 2719 472 2752 La
493 2727 560 2751 rue
582 2713 885 2750 Saint-Antoine.
