1923 3020
745 246 885 280 LIBER
913 247 1129 282 TERTIUS.
1563 251 1635 284 247

241 346 347 376 cum
383 333 663 393 ll‘Iargareta‚
703 341 849 377 matre
893 349 1004 389 sua,
1049 332 1174 396 apud
1216 349 1264 379 se
1300 344 1533 380 manserat
1580 336 1636 380 ad

240 407 594 452 auscultandum
639 417 684 452 et
724 408 1065 471 explorandum
1111 409 1270 471 quales
1311 426 1548 455 successus
1591 411 1637 455 in

240 482 401 543 Anglia
424 482 575 527 dictus
601 483 820 528 Il'awz'cle
853 484 1102 539 inveniret,
1135 484 1286 530 foedus
1317 485 1432 530 illud
1460 486 1640 547 insigne

237 567 281 602 et
310 558 546 618 egregium
564 560 807 621 percussit,
832 560 890 605 de
912 577 1007 622 quo
1021 561 1116 622 jam
1138 560 1282 606 locuti
1301 578 1486 619 sumus,
1511 579 1641 607 men-

237 635 295 679 sis
331 634 546 679 videlieet
587 636 854 682 novembris
892 637 967 682 die
1003 638 1224 683 vicesima
1261 648 1424 684 octava
1463 656 1472 683 :
1510 639 1639 701 quod

237 720 388 756 tamen
418 721 606 757 auctore
635 714 880 771 Warviclz,
920 722 969 758 ut
999 713 1223 771 diximus,
1259 725 1304 759 et
1335 715 1566 761 cuditum¹
1595 725 1639 761 et

236 788 539 833 fabrefactum
572 790 827 845 exstiterat,
867 799 1121 851 antequam
1160 806 1213 835 ex
1251 790 1485 838 littoribus
1520 795 1636 837 Nor-

237 865 435 910 manniae
457 865 558 911 vela
577 866 767 924 faceret,
795 869 841 912 in
867 867 1077 927 Angliam
1100 867 1416 929 trajecturus².

699 1056 1030 1100 CAPITULUM
1075 1057 1130 1099 Vl
1136 1057 1170 1099 Ι.

316 1184 507 1226 Quomodo
526 1183 692 1217 Edoardo
708 1185 823 1228 pulso,
844 1184 956 1216 statim
976 1195 1036 1216 rex
1053 1183 1225 1229 oppidum
1250 1184 1549 1227 Sancti-Quintini

455 1247 488 1271 et
511 1238 779 1271 Ambianensem
796 1234 996 1284 [civitatem]
1021 1235 1261 1270 fraudulenter
1277 1237 1421 1282 recepit.

295 1357 436 1417 Igitur
468 1356 794 1418 hujuscemodi
827 1366 1072 1402 contracto
1106 1366 1150 1402 et
1184 1357 1400 1403 absoluto
1434 1359 1632 1419 foedere,

230 1432 373 1478 veluti
391 1433 488 1495 jam
514 1433 720 1495 quadam
751 1434 849 1496 spei
874 1434 1179 1493 certitudine,
1207 1451 1288 1480 rex
1314 1436 1411 1498 ipse
1436 1439 1638 1482 Franco·

230 1525 350 1567 ruin,
376 1510 470 1554 voti
495 1510 564 1555 sui
582 1527 785 1574 compos
805 1527 1091 1574 securusque
1110 1511 1277 1571 factu87
1301 1513 1500 1558 tentavit
1518 1513 1637 1559 frau-

230 1585 365 1631 dibus
397 1596 536 1649 atque
568 1586 687 1633 dolis
719 1588 928 1633 civitates
961 1599 1006 1634 et
1038 1589 1239 1652 oppida,
1279 1605 1381 1651 quae
1410 1591 1637 1638 viciniora

228 1662 360 1707 terris
399 1663 492 1708 suis
537 1664 926 1726 Burgundionum
967 1665 1061 1710 dux
1104 1665 1293 1712 tenebat
1332 1683 1472 1730 supra
1512 1668 1636 1731 ripas

228 1740 521 1796 Sunnnonae,
548 1739 635 1784 sibi
668 1741 932 1802 acquirere,
966 1751 1011 1786 et
1044 1742 1169 1787 cives
1204 1742 1446 1800 locorum,
1474 1745 1554 1805 qui
1587 1753 1635 1788 ut

227 1813 486 1877 plurimum
518 1816 626 1862 satis
656 1816 714 1861 ad
747 1817 841 1862 hoc
871 1817 992 1863 affici
1017 1818 1350 1877 noscebantur,
1379 1820 1438 1865 ad
1463 1820 1634 1865 facien-

227 1891 337 1936 dam
370 1891 681 1937 defectionem
715 1894 952 1940 sollicitari
982 1894 1131 1940 facere
1156 1905 1200 1940 et
1225 1895 1282 1940 ad
1307 1912 1354 1940 se
1379 1905 1634 1941 transeun-

226 1967 358 2013 dum.
381 1972 539 2031 Neque
563 1971 688 2016 enim
712 1972 872 2017 castris
892 1982 936 2017 et
958 1989 1197 2018 armorum
1220 1974 1427 2036 potentia
1442 2009 1453 2029 ‚
1482 1989 1633 2035 neque

225 2044 595 2091 diffidationibus
639 2057 684 2093 et
715 2047 1149 2095 denuntiationibus
1186 2049 1452 2095 hostilitatis
1493 2061 1634 2113 atque

225 2122 458 2169 inserendi
485 2123 593 2169 belli
621 2124 775 2186 palam
802 2124 932 2170 factis
957 2125 1106 2187 (quod
1139 2125 1197 2171 de
1216 2126 1320 2187 jure
1346 2127 1555 2188 gentium
1589 2138 1633 2174 et

226 2200 424 2247 naturali
461 2201 671 2263 quodam
711 2202 856 2247 niodo
899 2202 1108 2263 exsistit),
1151 2203 1358 2248 civitates
1389 2212 1435 2248 et
1458 2204 1634 2267 oppida

226 2275 438 2338 subigere
465 2278 764 2337 attentabat³⁴3
793 2279 872 2324 sed
894 2279 1242 2342 proditionibus
1263 2290 1306 2326 et
1331 2280 1527 2327 occultis
1547 2282 1634 2326 do-

279 2414 314 2447 1.
352 2414 526 2460 Οι((ἰίῐιι.ς,
549 2416 726 2463 cudatus,
750 2417 908 2459 cadicio,
932 2423 1015 2450 sont
1036 2414 1229 2464 sre'quents
1248 2414 1340 2452 dans
1362 2413 1397 2452 la
1416 2415 1559 2453 latinite
1581 2416 1630 2453 du

228 2485 363 2521 moyen
386 2475 476 2522 fige,
499 2482 534 2510 et
555 2476 676 2510 meme
696 2475 892 2511 consacres
913 2488 959 2511 en
982 2482 1099 2511 terme
1120 2473 1165 2510 de
1186 2487 1440 2525 monnayage.

278 2533 316 2568 ἱ).
345 2533 478 2578 Quelle
501 2546 575 2581 que
602 2534 672 2569 soit
700 2534 928 2571 l⁷assurance
954 2548 1045 2571 avec
1075 2533 1238 2583 laquelle
1268 2534 1431 2572 l'auteur
1453 2536 1631 2573 continue

224 2588 447 2635 dhffirmer,
483 2593 560 2627 ceci
586 2592 808 2629 neanmoins
840 2593 991 2630 rnodilie
1024 2593 1336 2645 singulierement
1364 2608 1431 2632 son
1466 2597 1633 2645 premier

228 2646 323 2684 dire.
349 2651 443 2697 Voy.
471 2650 673 2696 ci-dessus,
693 2665 731 2701 p.
758 2654 845 2690 228.

279 2710 314 2742 3.
348 2712 399 2744 La
418 2721 554 2759 guerre
572 2709 726 2759 pouvait
746 2724 873 2760 passer
890 2725 989 2761 pour
1009 2711 1181 2749 declat-ee
1197 2713 1307 2762 apres
1327 2713 1361 2750 la
1379 2713 1541 2763 reponse
1557 2727 1631 2764 que
