1923 3020
682 233 821 268 LIBER
862 233 1102 279 QUARTUS.
1521 235 1589 271 291

195 318 253 362 ad
281 318 512 380 liquidum
542 319 749 364 constitit
784 320 943 365 omnia
979 319 1084 365 ficte
1119 329 1163 365 et
1198 318 1410 365 simulate
1433 336 1592 366 secum

194 405 295 440 acta
334 395 488 454 fuisse,
526 413 669 459 seque
700 397 856 443 verbis
887 396 1094 460 pacificis
1118 399 1164 441 in
1199 395 1311 442 dolo
1347 396 1592 443 detentum

193 471 330 516 fuisse
366 481 411 516 et
445 471 680 518 delusum.
709 476 827 520 Nam
851 490 959 519 cum
983 490 1123 536 super
1147 474 1389 536 promissis
1413 483 1458 519 et
1481 490 1592 519 cum

191 562 248 592 eo
284 549 590 610 compactatis
619 549 752 611 legati
788 550 934 610 regis,
974 559 1025 594 ut
1056 548 1144 594 sibi
1176 549 1235 593 de
1268 549 1594 611 hujuscemodi

194 624 439 669 conventis
469 625 643 671 litteras
676 627 795 687 regis
825 625 1113 671 authenticas
1138 635 1448 687 reportarent,
1479 631 1591 670 Am-

194 699 357 746 bianos
391 718 538 764 usque
570 719 618 747 se
648 703 940 765 profecturos
973 701 1220 759 dixissent,
1258 702 1317 746 ad
1355 719 1464 747 eum
1505 703 1593 747 mi-

192 776 319 820 nime
346 787 511 840 postea
534 778 791 834 redierunt,
812 795 899 824 nee
929 778 988 823 de
1013 777 1284 839 hujusmodi
1315 779 1461 841 pactis
1498 795 1592 825 arn-

192 853 314 916 plius
334 854 427 900 ulla
451 856 628 900 mentio
649 855 810 901 habita
833 857 940 900 est¹.

256 930 467 975 Sentieus
502 931 642 992 igitur
676 930 1066 994 Burgundionum
1108 928 1202 975 dux
1242 930 1410 976 talibus
1443 931 1591 978 fictio-

193 1005 331 1051 nibus
370 1016 414 1052 et
456 1008 836 1054 simulationibus
877 1024 924 1053 se
967 1006 1206 1066 delusum,
1254 1017 1300 1053 et
1341 1018 1503 1054 contra
1544 1027 1592 1054 se

195 1100 356 1130 revera
395 1095 440 1130 et
484 1086 655 1131 ducem
686 1085 958 1143 Britanniae,
994 1083 1081 1129 sibi
1105 1084 1401 1142 foederatum,
1435 1089 1596 1132 omnia

192 1160 375 1207 hostilia
422 1164 701 1227 praeparari,
743 1180 852 1208 cum
899 1178 1068 1224 magna
1112 1161 1378 1224 diligentia,
1423 1165 1592 1210 exactis

192 1240 396 1302 treugis&
427 1258 566 1286 suurn
590 1240 891 1303 congregavit
910 1239 1191 1300 exercitum⁷
1215 1250 1260 1286 et
1286 1240 1334 1286 in
1360 1242 1518 1287 eastris
1543 1243 1589 1288 in

196 1317 316 1375 agris
344 1317 724 1362 Atrebatensibus
746 1334 795 1362 se
819 1316 1006 1362 locavit.

254 1392 364 1438 {nde
394 1410 502 1439 vero
534 1410 729 1439 movens
761 1410 871 1439 cum
902 1393 1116 1439 maximis
1141 1394 1356 1456 equitum
1380 1403 1425 1440 et
1459 1395 1586 1458 pedi-

187 1479 286 1514 tum
305 1471 478 1534 copiis,
519 1481 563 1517 et
585 1487 754 1534 magna
771 1487 997 1516 curruum
1018 1480 1062 1516 et
1085 1471 1412 1517 machinarum
1437 1473 1593 1519 multi»

188 1546 367 1605 tudine,
389 1558 538 1594 castra
557 1558 723 1594 contra
745 1547 1027 1612 oppidulum
1039 1549 1198 1593 Nesle³
1213 1549 1260 1593 in
1274 1550 1591 1597 Veromandia

187 1634 386 1670 metatus
409 1636 493 1671 est.
536 1626 601 1671 Ad
637 1626 766 1688 quod
794 1625 1220 1672 communiendum
1252 1643 1332 1672 rex
1365 1627 1590 1689 quadrin—

186 1711 350 1761 gentos
377 1702 573 1765 pedites,
616 1702 802 1748 illorum
836 1719 956 1765 quos
994 1702 1180 1748 francos
1212 1704 1473 1765 sagittarios
1507 1721 1589 1768 ap—

187 1779 385 1841 pellant,
424 1796 511 1842 pro
535 1779 749 1843 praesidio
780 1780 1116 1826 transmiserat.
1156 1783 1486 1842 Expugnatum
1521 1792 1590 1828 est

186 1865 341 1900 aulem
369 1857 523 1901 statim
563 1856 715 1918 ipsum
752 1855 1049 1918 oppidulum,
1077 1865 1122 1901 et
1144 1857 1270 1901 caesis
1296 1856 1368 1901 his
1390 1858 1471 1919 qui
1496 1858 1587 1904 illic

183 1933 349 1978 armati
374 1942 524 1990 erant,
554 1933 694 1978 etiam
717 1931 937 1978 incendio
963 1932 1125 1978 datum
1150 1932 1275 1978 fuit&
1306 1936 1407 1979 Hoc
1429 1945 1584 1981 autem

183 2008 358 2054 factum
379 2009 476 2054 fore
492 2009 679 2055 aiebant
693 2010 738 2053 in
755 2008 982 2054 ultionem
996 2010 1123 2054 necis
1141 2009 1386 2071 cujusdam
1402 2010 1581 2058 heraldi

185 2103 267 2131 seu
277 2087 446 2143 nuntii,
467 2103 606 2149 quem
618 2104 725 2132 cum
739 2086 1012 2149 Burguudiae
1026 2087 1119 2131 dux
1130 2086 1188 2132 ad
1198 2087 1462 2150 oppidanos
1472 2108 1583 2153 prae-

183 2164 398 2221 misisset,
427 2162 793 2209 comminando⁵
827 2172 872 2207 et
903 2162 1189 2208 summando
1213 2179 1294 2208 eos
1316 2173 1367 2208 ut
1389 2177 1583 2228 sponta-

237 2304 273 2338 1.
305 2302 506 2351 L'outrage
533 2301 587 2336 fut
606 2298 691 2336 bien
715 2299 798 2349 plus
818 2299 961 2349 grand,
991 2299 1141 2336 suivant
1161 2301 1395 2347 Commines,
1422 2302 1583 2353 puisque

180 2360 294 2398 Louis
313 2362 368 2396 XI
392 2376 409 2393 t<
429 2372 597 2408 renvoya
618 2371 710 2395 avec
735 2358 1000 2409 tres—maigres
1025 2358 1174 2408 paroles
1190 2388 1199 2405 ‚
1221 2372 1307 2397 sans
1330 2361 1483 2398 vouloir
1502 2362 1583 2400 rien

175 2420 301 2467 jurer,
326 2434 343 2450 »
367 2431 418 2455 un
444 2417 774 2468 plenipotentiaire
804 2417 855 2453 du
879 2417 952 2454 duc
981 2417 1045 2467 qui
1067 2417 1155 2454 etait
1183 2431 1281 2456 veizu
1307 2419 1492 2457 chercher
1513 2435 1582 2458 son

181 2485 360 2516 serment.
383 2480 600 2523 Meam-es,
622 2476 645 2514 l.
667 2479 737 2524 ΠΙ,
758 2489 792 2512 c.
813 2489 865 2513 lx.

233 2539 271 2577 2,
302 2540 355 2574 La
375 2539 480 2573 treve
501 2536 591 2573 etait
608 2536 762 2586 expiree
780 2544 894 2572 avant
907 2548 982 2585 que
1002 2535 1036 2573 le
1053 2535 1126 2573 duc
1145 2535 1192 2574 de
1209 2536 1384 2574 Guienne
1411 2542 1579 2577 mourut.

235 2598 272 2632 3.
301 2598 396 2633 Nece
417 2595 509 2632 dans
530 2595 565 2632 le
584 2608 653 2632 ms.

233 2659 270 2691 4.
304 2656 589 2702 112juin‘14702.

235 2717 270 2752 5.
307 2717 526 2752 Commendo
548 2715 639 2752 dans
661 2715 695 2752 le
714 2727 783 2751 ms.
