1923 3020
299 207 372 243 278
659 206 998 242 HISTORIARUM
1027 207 1262 243 LUDOVICI
1291 210 1342 243 XI

766 399 836 442 CA
846 400 1104 442 PlTULUM
1138 401 1216 443 XV
1227 434 1236 443 .

295 534 505 578 Quomodo,
527 534 746 567 currentibus
767 534 895 568 eisdem
921 536 1061 580 treugis,
1083 536 1242 578 Carolum,
1262 535 1330 568 dux
1356 536 1548 580 Aquitaniae
1562 563 1571 578 ,
1597 536 1707 571 foedus

343 601 424 622 cum
457 587 546 621 duce
577 586 787 633 Burgundio?
820 588 1014 633 copulavit,
1045 598 1077 621 et
1108 589 1270 622 comitem
1299 589 1487 622 Arminiaci
1511 590 1580 623 suis
1609 591 1707 623 terris

345 642 515 685 restituit;
534 650 565 674 et
585 641 627 675 de
646 642 746 687 gestis
765 642 920 687 ejusdem
941 643 1088 678 comitis.

366 761 434 807 Ab
449 763 592 807 armis
616 762 772 825 itaque
792 763 983 822 interea,
1002 762 1277 825 hujusmodi
1295 763 1574 810 durantibus
1591 774 1710 810 treu-

301 839 394 901 gis,
433 840 654 901 utrinque
690 849 759 884 est
793 849 1045 894 cessatum3
1074 840 1203 886 nulla
1239 850 1394 886 tamen
1430 850 1561 886 extra
1594 857 1708 903 pro-

301 915 450 977 priam
476 916 701 978 cujusque
723 915 1044 962 obedienti-:tm
1068 917 1321 963 currebant
1351 918 1396 962 in
1431 917 1707 964 alterutrum

303 992 605 1047 commercia,
634 992 715 1037 secl
741 992 850 1038 odia
864 994 1090 1038 acerrima
1111 993 1363 1039 durabant.
1385 994 1528 1039 Dietae
1553 994 1710 1056 plures

303 1070 423 1114 inter
462 1079 618 1132 partes
661 1070 926 1115 eonstitutae
963 1070 1170 1125 suerunt,
1206 1070 1252 1114 in
1290 1069 1462 1129 quibus
1498 1069 1557 1115 de
1595 1087 1710 1134 pace

302 1155 602 1205 tractaretui‘3
630 1163 792 1191 verum
824 1163 932 1191 eum
965 1146 1092 1190 nulla
1117 1145 1185 1190 vel
1215 1146 1411 1190 minima
1439 1162 1520 1208 spe
1548 1163 1713 1209 perve-

305 1223 467 1268 niendi
499 1223 556 1267 ad
590 1223 771 1267 bonum
806 1224 932 1286 pacis
967 1239 1152 1285 semper
1184 1238 1317 1285 paene
1362 1221 1709 1268 discedebatur.

306 1303 409 1345 Non
431 1311 585 1345 tamen
607 1300 799 1345 feriabat
819 1299 1036 1362 quaelibet
1056 1300 1261 1362 partium
1281 1298 1454 1345 foedera
1471 1300 1558 1345 sibi
1576 1310 1714 1363 atque

306 1377 491 1435 auxilia,
512 1376 843 1439 undecumque
862 1386 1071 1440 possent,
1086 1392 1363 1439 comparare
1377 1386 1420 1422 et
1435 1377 1686 1423 conciliare
1700 1396 1711 1433 3

310 1454 435 1499 unde
476 1453 695 1499 effectum
735 1464 826 1513 est,
870 1453 1144 1515 hujusmodi
1187 1463 1402 1516 tempore
1446 1464 1715 1517 treugarum

309 1532 649 1595 percurrente¹,
677 1540 727 1576 ut
754 1531 956 1577 amicitia
979 1532 1101 1576 inter
1130 1530 1523 1593 Burgundionum
1546 1532 1716 1578 ducem

308 1618 353 1654 et
377 1608 598 1654 Carolum
617 1646 628 1667 ‚
669 1608 895 1653 illustrem
932 1608 1189 1671 Aquitaniae
1221 1608 1392 1654 ducem
1413 1645 1422 1663 ‚
1454 1609 1574 1671 regis
1611 1625 1716 1670 ger—

311 1701 503 1731 manum
521 1722 531 1741 ‚
559 1684 719 1730 denuo
744 1685 1065 1748 copularetur,
1094 1685 1266 1731 arctior
1289 1695 1334 1730 et
1359 1685 1557 1731 validior
1574 1701 1716 1748 quam

310 1779 522 1826 unquam
544 1771 680 1808 antea
699 1762 963 1808 exstitisset.

375 1841 460 1886 Cui
488 1839 804 1885 instaurandae
831 1840 1044 1885 amicitiae
1066 1840 1311 1902 foedusque
1334 1839 1564 1897 solvendi,
1588 1840 1717 1902 quod

312 1917 454 1981 paulo
483 1927 591 1963 ante
614 1917 735 1962 inter
758 1933 915 1978 regem
939 1926 984 1962 et
1009 1917 1161 1980 ipsum
1192 1915 1429 1963 firmatum
1458 1917 1714 1975 exstiterat,

313 1994 428 2056 quid
461 2010 650 2040 causam
687 1993 863 2052 attulit,
900 2010 997 2038 non
1034 1994 1142 2039 satis
1175 1993 1233 2038 ad
1277 2003 1458 2039 certum
1495 1992 1720 2039 hactenus

315 2070 488 2116 habere
532 2071 787 2134 potuimus.
841 2069 1069 2116 Ferebant
1120 2069 1336 2115 nonnulli
1391 2069 1719 2131 hujuscemodi

314 2147 609 2192 discessionis
636 2163 730 2192 suae
762 2163 788 2192 a
812 2163 918 2207 rege
943 2147 1081 2192 fuisse
1107 2163 1294 2192 causam
1312 2184 1323 2205 ,
1349 2146 1481 2209 quod
1506 2163 1603 2191 non
1628 2163 1721 2192 ser-

315 2232 418 2268 vata
455 2222 541 2267 sibi
567 2233 611 2267 et
638 2222 892 2285 adimpleta
917 2223 1117 2285 plurima
1142 2222 1230 2268 sibi
1263 2222 1480 2278 fuissent,
1506 2238 1610 2285 quae
1642 2239 1721 2268 rex

316 2300 362 2344 in
400 2298 477 2343 illo
507 2299 679 2344 foedere
704 2299 791 2344 sibi
826 2316 1010 2345 servare
1045 2309 1089 2344 et
1122 2298 1379 2361 adimplere
1406 2299 1716 2362 promisisse13

317 2376 393 2421 alii
421 2375 549 2438 quod
576 2393 623 2425 se
648 2392 675 2422 a
703 2394 810 2438 rege
838 2377 1215 2422 circumventum
1247 2376 1411 2433 fuisse,
1446 2376 1547 2438 ipso
1582 2376 1721 2421 etiam

316 2466 422 2511 rege
444 2458 688 2495 attestante
710 2460 754 2495 et
776 2451 930 2514 palam
951 2468 996 2496 se
1012 2451 1070 2496 de
1090 2451 1415 2512 hoejactante,
1438 2450 1716 2511 agnovisset.

318 2527 493 2573 Dixisse
529 2527 653 2572 enim
689 2543 768 2572 rex
800 2528 988 2592 publice
1019 2528 1255 2574 ferebatur
1290 2527 1421 2591 quod
1450 2527 1575 2575 idem
1612 2543 1721 2572 suus

373 2684 384 2718 1
401 2711 406 2716 .
440 2684 681 2718 procurrente
700 2680 791 2717 dans
811 2680 844 2716 16
866 2693 933 2715 nis.
