1923 3020
731 227 874 263 LIBER
896 226 1112 263 TERTIUS.
1307 262 1309 265 ,
1545 222 1618 258 287

231 314 474 377 dequibus
498 314 753 377 plurimum
768 312 1034 358 confidebat
1063 329 1070 355 :
1094 328 1296 374 quorum
1317 310 1431 356 alter
1456 307 1620 372 appel-

230 390 414 436 labatur
439 390 672 435 Jordanus
696 393 874 448 ere,
903 388 1054 434 dictus
1093 389 1320 444 l‘'el·coz's¹,
1357 384 1619 432 monachus

231 466 411 511 ordinis
430 466 864 523 Sancti—Benedicti,
889 464 1118 510 oriundus
1140 464 1198 509 de
1221 464 1403 509 civitate
1423 463 1552 525 Dyae²
1573 461 1620 507 in

232 542 485 601 Delfinatu,
516 543 588 587 cui
609 542 734 588 idem
751 542 972 588 dominus
987 558 1096 585 suus
1120 542 1288 586 fecerat
1312 539 1525 584 obtinere
1552 553 1622 583 so-

231 619 436 663 lemnem
460 634 565 664 eam
591 618 823 664 abbatiam
850 618 1221 663 Sancti-Joannis
1260 615 1528 679 Angeliaei³,
1577 623 1623 659 et

231 694 652 757 eleemosynarium
689 713 825 741 snum
851 712 959 740 eum
993 695 1186 750 fecerat,
1225 710 1332 739 enm
1366 709 1460 756 quo
1484 692 1622 738 etiam

231 772 442 833 quotidie
478 772 618 818 horas
650 774 900 819 canonicas
925 772 1131 833 legebat3
1172 772 1301 817 alteri
1327 787 1500 815 nomen
1528 779 1624 815 erat

233 848 460 892 Henricus
483 847 537 891 de
562 849 606 892 la
630 849 792 907 Ii'oelae,
821 848 900 910 qni
921 847 1108 893 scutifer
1129 856 1225 892 erat
1245 847 1480 908 οοίμιίιιεε4
1504 846 1624 907 ejus-

233 924 342 969 dem
369 924 567 970 domini.
591 928 685 970 Hos
705 927 880 988 quippe
903 924 1038 982 duos,
1067 923 1191 968 velut
1213 923 1411 968 idoneos
1431 932 1522 967 tam
1543 937 1624 967 ne-

233 1000 375 1046 fando
400 1003 531 1064 operi
555 1003 806 1058 ministros,
832 1000 1072 1064 promissis
1086 1009 1224 1061 atque
1249 999 1522 1044 muneribus
1546 1015 1625 1044 rex

234 1076 420 1139 pellexit
445 1087 493 1122 ut
523 1077 907 1139 benignissimum
945 1076 1194 1121 dominum
1221 1091 1379 1133 suum,
1407 1075 1626 1120 adhibitis

234 1154 371 1198 etiam
402 1154 683 1216 quibusdam
715 1154 957 1215 sortilegiis
992 1162 1037 1198 et
1078 1151 1291 1197 maleficii
1324 1152 1519 1205 artibus,
1550 1168 1625 1197 ve—

234 1249 359 1278 neno
383 1234 728 1294 exstinguerent
748 1251 756 1277 :
777 1230 1178 1294 quemadmodum
1197 1241 1242 1275 et
1262 1231 1486 1276 fecerunt.
1514 1234 1626 1276 Nam

235 1307 294 1353 al)
332 1308 434 1371 ipso
468 1325 574 1370 rege
608 1308 752 1352 multa
782 1317 1022 1352 scutorum
1048 1305 1215 1361 millia,
1252 1316 1359 1352 ante
1392 1316 1627 1370 patratum

234 1385 401 1443 scelus,
423 1387 520 1448 jam
542 1386 768 1448 recepisse
786 1421 796 1441 ‚
823 1384 957 1447 plura
978 1400 1088 1428 vero
1106 1382 1271 1442 multo,
1298 1393 1627 1429 consummato

236 1478 309 1517 eo,
337 1479 392 1508 ex
414 1473 549 1525 pacto
571 1461 835 1525 percepturi
860 1477 957 1505 esse
982 1459 1290 1505 fer·el)a11ti11·⁵.

303 1543 502 1602 Accepto
532 1539 687 1600 itaque
718 1548 763 1583 et
787 1537 953 1582 hausto
991 1537 1226 1582 dictorum
1252 1536 1457 1582 duorum
1488 1553 1629 1600 opera

238 1631 443 1670 veneno,
482 1617 579 1677 ipse
615 1615 835 1659 dominus
868 1613 1088 1672 Carolus,
1130 1613 1347 1658 nondum
1376 1631 1465 1658 xxx
1494 1614 1630 1659 annis

238 1692 380 1737 aetatis
426 1708 517 1736 suae
564 1690 756 1754 expletis
779 1692 813 1747 ⁶,
866 1689 1153 1735 lamentabili
1199 1699 1339 1752 atque
1382 1691 1631 1735 immatura

239 1777 387 1812 morte
410 1769 552 1812 vitam
586 1767 731 1812 finivit
751 1804 761 1824 ,
788 1767 915 1811 miris
946 1766 1228 1811 cruciatibus
1261 1776 1401 1828 atque
1434 1765 1629 1828 languo-

238 1844 366 1890 ribus
384 1884 394 1904 ,
447 1846 717 1909 priusquam
769 1845 979 1907 spiritum
1031 1843 1295 1903 exhalaret,
1346 1842 1542 1888 afflictus
1589 1852 1633 1887 et

239 1923 552 1979 excruciatus;
590 1938 698 1966 nam
734 1920 890 1983 plures
913 1937 1096 1966 menses
1123 1921 1168 1965 in
1196 1918 1470 1981 hujusmodi
1497 1918 1632 1964 dolo-

240 1997 369 2043 ribus
393 2007 532 2060 atque
558 1996 840 2042 cruciatibus
858 2034 868 2054 ,
914 2013 1033 2059 quos
1062 1997 1107 2041 in
1145 1996 1242 2057 ejus
1271 2011 1470 2058 corpore
1493 2004 1633 2056 atque

243 2071 494 2117 visceribus
520 2070 739 2115 violentia
761 2071 928 2115 xeneni
954 2069 1166 2128 faciebat,
1192 2069 1425 2130 transegit.
1457 2071 1505 2112 ln
1531 2069 1633 2129 qui-

240 2146 328 2193 bus
355 2157 529 2210 quanta
554 2147 618 2192 illi
652 2163 763 2192 eura
798 2156 936 2208 atque
972 2146 1210 2207 diligentia
1245 2144 1447 2190 exhibita
1478 2144 1635 2190 fuisset

243 2224 558 2282 medicorum,
585 2223 754 2269 nullius
779 2232 934 2268 tamen
959 2239 1048 2285 ope
1070 2222 1142 2268 vel
1169 2222 1338 2268 auxilio
1372 2221 1630 2278 medicinae,

296 2335 331 2369 1.
363 2333 538 2383 Corrigez
562 2335 725 2369 Vercors.

295 2394 332 2428 2.
365 2392 449 2428 Die.

298 2454 332 2487 3.
367 2451 580 2487 Saint-Jean
601 2449 787 2499 (l'Angeli.

297 2513 335 2548 4.
366 2506 514 2559 Ecuyer
537 2509 582 2546 de
606 2510 762 2547 cuisine.

298 2572 333 2605 5.
368 2569 455 2605 Voir
474 2582 516 2605 ce
544 2581 617 2618 que
639 2569 800 2605 l'auteur
822 2567 944 2614 ajoute
964 2567 1152 2617 ci-apres‚
1174 2569 1199 2605 l.
1222 2570 1285 2615 tv,
1306 2581 1339 2605 e.
1365 2580 1414 2612 11,
1436 2580 1533 2616 pour
1552 2566 1635 2603 eta-

244 2627 316 2665 blir
336 2628 608 2665 l'authenticite
627 2627 678 2664 (lu
700 2627 830 2664 crime.

299 2690 333 2724 6.
367 2687 394 2723 11
412 2690 498 2724 n'en
520 2687 620 2723 avait
638 2700 710 2736 que
731 2686 913 2736 vingt-six
949 2686 1046 2722 etant
1065 2686 1112 2722 ne
1130 2687 1148 2721 ἐι
1165 2685 1198 2721 la
1220 2685 1268 2721 fin
1288 2683 1334 2720 de
1352 2683 1498 2721 l’annesse
1518 2687 1631 2722 1446.
