<?xml version="1.0" encoding="UTF-8"?>
<!DOCTYPE html PUBLIC "-//W3C//DTD XHTML 1.0 Transitional//EN"
    "http://www.w3.org/TR/xhtml1/DTD/xhtml1-transitional.dtd">
<html xmlns="http://www.w3.org/1999/xhtml" xml:lang="en" lang="en">
 <head>
  <title>
</title>
<meta http-equiv="Content-Type" content="text/html;charset=utf-8" />
  <meta name='ocr-system' content='tesseract 3.04.00' />
  <meta name='ocr-capabilities' content='ocr_page ocr_carea ocr_par ocr_line ocrx_word'/>
</head>
<body>
  <div class='ocr_page' id='page_1' title='image "./histoiredesrgn02basi_0304.png"; bbox 0 0 1923 3020; ppageno 0'>
   <div class='ocr_carea' id='block_1_1' title="bbox 313 235 1353 271">
    <p class='ocr_par' dir='ltr' id='par_1_1' title="bbox 313 235 1353 271">
     <span class='ocr_line' id='line_1_1' title="bbox 313 235 1353 271; baseline 0.001 -1"><span class='ocrx_word' id='word_1_1' title='bbox 313 237 388 270; x_wconf 64' lang='lat'><em>‘2¹24</em></span> <span class='ocrx_word' id='word_1_2' title='bbox 670 235 1005 269; x_wconf 75' lang='lat' dir='ltr'>HIS&#39;I&#39;ORIARUM</span> <span class='ocrx_word' id='word_1_3' title='bbox 1036 235 1271 270; x_wconf 89' lang='lat' dir='ltr'>LUDOVICI</span> <span class='ocrx_word' id='word_1_4' title='bbox 1298 237 1353 271; x_wconf 80' lang='lat' dir='ltr'>xl</span> 
     </span>
    </p>
   </div>
   <div class='ocr_carea' id='block_1_2' title="bbox 303 320 1713 2382">
    <p class='ocr_par' dir='ltr' id='par_1_2' title="bbox 305 320 1713 1304">
     <span class='ocr_line' id='line_1_2' title="bbox 311 320 1710 384; baseline 0.001 -17"><span class='ocrx_word' id='word_1_5' title='bbox 311 322 569 368; x_wconf 80' lang='lat' dir='ltr'>faciendam</span> <span class='ocrx_word' id='word_1_6' title='bbox 604 320 896 365; x_wconf 83' lang='lat' dir='ltr'>elaboratum</span> <span class='ocrx_word' id='word_1_7' title='bbox 933 321 1126 374; x_wconf 83' lang='lat' dir='ltr'>exstitit,</span> <span class='ocrx_word' id='word_1_8' title='bbox 1165 320 1296 383; x_wconf 85' lang='lat' dir='ltr'>quod</span> <span class='ocrx_word' id='word_1_9' title='bbox 1330 320 1388 366; x_wconf 90' lang='lat' dir='ltr'>ad</span> <span class='ocrx_word' id='word_1_10' title='bbox 1422 337 1526 366; x_wconf 85' lang='lat' dir='ltr'>eam</span> <span class='ocrx_word' id='word_1_11' title='bbox 1564 325 1710 384; x_wconf 85' lang='lat' dir='ltr'>pacis-</span> 
     </span>
     <span class='ocr_line' id='line_1_3' title="bbox 309 396 1712 459; baseline 0 -16"><span class='ocrx_word' id='word_1_12' title='bbox 309 399 536 455; x_wconf 80' lang='lat' dir='ltr'>cendam,</span> <span class='ocrx_word' id='word_1_13' title='bbox 566 406 659 440; x_wconf 83' lang='lat' dir='ltr'>tam</span> <span class='ocrx_word' id='word_1_14' title='bbox 682 396 780 458; x_wconf 85' lang='lat' dir='ltr'>ipsa</span> <span class='ocrx_word' id='word_1_15' title='bbox 813 413 955 458; x_wconf 84' lang='lat' dir='ltr'>quam</span> <span class='ocrx_word' id='word_1_16' title='bbox 991 397 1090 459; x_wconf 83' lang='lat' dir='ltr'>ejus</span> <span class='ocrx_word' id='word_1_17' title='bbox 1122 396 1265 455; x_wconf 80' lang='lat' dir='ltr'>tilius,</span> <span class='ocrx_word' id='word_1_18' title='bbox 1294 396 1484 442; x_wconf 87' lang='lat' dir='ltr'>adducti</span> <span class='ocrx_word' id='word_1_19' title='bbox 1512 406 1644 456; x_wconf 80' lang='lat' dir='ltr'>sunt,</span> <span class='ocrx_word' id='word_1_20' title='bbox 1667 409 1712 443; x_wconf 88' lang='lat' dir='ltr'>et</span> 
     </span>
     <span class='ocr_line' id='line_1_4' title="bbox 308 473 1708 536; baseline 0 -17"><span class='ocrx_word' id='word_1_21' title='bbox 308 491 443 519; x_wconf 89' lang='lat' dir='ltr'>suum</span> <span class='ocrx_word' id='word_1_22' title='bbox 494 474 808 536; x_wconf 81' lang='lat' dir='ltr'>praestiterunt</span> <span class='ocrx_word' id='word_1_23' title='bbox 860 490 1118 519; x_wconf 76' lang='lat' dir='ltr'>assensum.</span> <span class='ocrx_word' id='word_1_24' title='bbox 1174 477 1274 518; x_wconf 90' lang='lat' dir='ltr'>Hoc</span> <span class='ocrx_word' id='word_1_25' title='bbox 1326 474 1465 519; x_wconf 84' lang='lat' dir='ltr'>etiam</span> <span class='ocrx_word' id='word_1_26' title='bbox 1522 473 1708 532; x_wconf 88' lang='lat' dir='ltr'>medio,</span> 
     </span>
     <span class='ocr_line' id='line_1_5' title="bbox 308 550 1713 613; baseline 0.001 -19"><span class='ocrx_word' id='word_1_27' title='bbox 308 551 480 612; x_wconf 59' lang='lat' dir='ltr'>nuptia*</span> <span class='ocrx_word' id='word_1_28' title='bbox 517 550 747 613; x_wconf 78' lang='lat' dir='ltr'>copulatae</span> <span class='ocrx_word' id='word_1_29' title='bbox 781 560 891 595; x_wconf 90' lang='lat' dir='ltr'>sunt</span> <span class='ocrx_word' id='word_1_30' title='bbox 930 551 1049 595; x_wconf 86' lang='lat' dir='ltr'>inter</span> <span class='ocrx_word' id='word_1_31' title='bbox 1091 550 1401 609; x_wconf 52' lang='lat' dir='ltr'>[idoardumg</span> <span class='ocrx_word' id='word_1_32' title='bbox 1443 551 1631 595; x_wconf 86' lang='lat' dir='ltr'>Henrici</span> <span class='ocrx_word' id='word_1_33' title='bbox 1669 559 1713 595; x_wconf 90' lang='lat' dir='ltr'>et</span> 
     </span>
     <span class='ocr_line' id='line_1_6' title="bbox 307 625 1713 688; baseline 0.001 -19"><span class='ocrx_word' id='word_1_34' title='bbox 307 625 504 686; x_wconf 72' lang='lat' dir='ltr'>praefatze</span> <span class='ocrx_word' id='word_1_35' title='bbox 527 626 697 686; x_wconf 76' lang='lat' dir='ltr'>reginae</span> <span class='ocrx_word' id='word_1_36' title='bbox 725 625 897 682; x_wconf 79' lang='lat' dir='ltr'>filium,</span> <span class='ocrx_word' id='word_1_37' title='bbox 927 635 971 671; x_wconf 88' lang='lat' dir='ltr'>et</span> <span class='ocrx_word' id='word_1_38' title='bbox 992 626 1133 672; x_wconf 85' lang='lat' dir='ltr'>filiam</span> <span class='ocrx_word' id='word_1_39' title='bbox 1160 626 1378 671; x_wconf 70' lang='lat' dir='ltr'>alteram²</span> <span class='ocrx_word' id='word_1_40' title='bbox 1398 626 1608 688; x_wconf 86' lang='lat' dir='ltr'>ejusdem</span> <span class='ocrx_word' id='word_1_41' title='bbox 1631 642 1713 671; x_wconf 91' lang='lat' dir='ltr'>co-</span> 
     </span>
     <span class='ocr_line' id='line_1_7' title="bbox 307 701 1713 765; baseline 0.003 -20"><span class='ocrx_word' id='word_1_42' title='bbox 307 701 429 746; x_wconf 83' lang='lat' dir='ltr'>mitis</span> <span class='ocrx_word' id='word_1_43' title='bbox 462 701 520 746; x_wconf 88' lang='lat' dir='ltr'>de</span> <span class='ocrx_word' id='word_1_44' title='bbox 549 702 796 761; x_wconf 54' lang='lat' dir='ltr'>nawa-le,</span> <span class='ocrx_word' id='word_1_45' title='bbox 825 719 1085 765; x_wconf 73' lang='lat' dir='ltr'>omnesque</span> <span class='ocrx_word' id='word_1_46' title='bbox 1121 703 1401 749; x_wconf 64' lang='lat' dir='ltr'>condonatae</span> <span class='ocrx_word' id='word_1_47' title='bbox 1424 714 1468 748; x_wconf 88' lang='lat' dir='ltr'>et</span> <span class='ocrx_word' id='word_1_48' title='bbox 1496 703 1713 749; x_wconf 81' lang='lat' dir='ltr'>obductae</span> 
     </span>
     <span class='ocr_line' id='line_1_8' title="bbox 307 781 1711 843; baseline 0.001 -21"><span class='ocrx_word' id='word_1_49' title='bbox 307 788 510 833; x_wconf 80' lang='lat' dir='ltr'>veteres,</span> <span class='ocrx_word' id='word_1_50' title='bbox 541 789 933 842; x_wconf 77' lang='lat' dir='ltr'>quantaecumque</span> <span class='ocrx_word' id='word_1_51' title='bbox 969 781 1330 843; x_wconf 64' lang='lat' dir='ltr'>praecessissent,</span> <span class='ocrx_word' id='word_1_52' title='bbox 1371 781 1566 842; x_wconf 63' lang='lat' dir='ltr'>injuriae.</span> <span class='ocrx_word' id='word_1_53' title='bbox 1601 783 1711 824; x_wconf 88' lang='lat' dir='ltr'>Pro-</span> 
     </span>
     <span class='ocr_line' id='line_1_9' title="bbox 307 856 1712 919; baseline 0.002 -20"><span class='ocrx_word' id='word_1_54' title='bbox 307 856 431 901; x_wconf 82' lang='lat' dir='ltr'>misit</span> <span class='ocrx_word' id='word_1_55' title='bbox 465 866 622 902; x_wconf 85' lang='lat' dir='ltr'>autem</span> <span class='ocrx_word' id='word_1_56' title='bbox 655 857 808 902; x_wconf 89' lang='lat' dir='ltr'>eidem</span> <span class='ocrx_word' id='word_1_57' title='bbox 849 859 1018 919; x_wconf 81' lang='lat' dir='ltr'>reginae</span> <span class='ocrx_word' id='word_1_58' title='bbox 1042 857 1166 903; x_wconf 86' lang='lat' dir='ltr'>idem</span> <span class='ocrx_word' id='word_1_59' title='bbox 1195 859 1415 903; x_wconf 59' lang='lat' dir='ltr'>lff&#39;arvl‘clz</span> <span class='ocrx_word' id='word_1_60' title='bbox 1438 859 1482 903; x_wconf 89' lang='lat' dir='ltr'>in</span> <span class='ocrx_word' id='word_1_61' title='bbox 1508 858 1641 903; x_wconf 61' lang='lat' dir='ltr'>brevi</span> <span class='ocrx_word' id='word_1_62' title='bbox 1665 874 1712 902; x_wconf 87' lang='lat' dir='ltr'>se</span> 
     </span>
     <span class='ocr_line' id='line_1_10' title="bbox 305 933 1713 995; baseline 0.001 -19"><span class='ocrx_word' id='word_1_63' title='bbox 305 933 403 993; x_wconf 81' lang='lat' dir='ltr'>ejus</span> <span class='ocrx_word' id='word_1_64' title='bbox 444 934 691 991; x_wconf 77' lang='lat' dir='ltr'>maritum,</span> <span class='ocrx_word' id='word_1_65' title='bbox 729 934 986 979; x_wconf 73' lang='lat' dir='ltr'>Hem-icum</span> <span class='ocrx_word' id='word_1_66' title='bbox 1008 951 1189 995; x_wconf 83' lang='lat' dir='ltr'>regem,</span> <span class='ocrx_word' id='word_1_67' title='bbox 1220 934 1502 979; x_wconf 74' lang='lat' dir='ltr'>educturum</span> <span class='ocrx_word' id='word_1_68' title='bbox 1531 934 1590 979; x_wconf 84' lang='lat' dir='ltr'>de</span> <span class='ocrx_word' id='word_1_69' title='bbox 1613 949 1713 978; x_wconf 89' lang='lat' dir='ltr'>car-</span> 
     </span>
     <span class='ocr_line' id='line_1_11' title="bbox 305 1010 1710 1073; baseline 0.001 -20"><span class='ocrx_word' id='word_1_70' title='bbox 305 1025 435 1066; x_wconf 77' lang='lat' dir='ltr'>cerc,</span> <span class='ocrx_word' id='word_1_71' title='bbox 474 1010 520 1054; x_wconf 90' lang='lat' dir='ltr'>in</span> <span class='ocrx_word' id='word_1_72' title='bbox 554 1026 648 1071; x_wconf 86' lang='lat' dir='ltr'>quo</span> <span class='ocrx_word' id='word_1_73' title='bbox 672 1010 769 1071; x_wconf 78' lang='lat' dir='ltr'>jam</span> <span class='ocrx_word' id='word_1_74' title='bbox 797 1010 938 1072; x_wconf 83' lang='lat' dir='ltr'>longo</span> <span class='ocrx_word' id='word_1_75' title='bbox 965 1020 1176 1073; x_wconf 83' lang='lat' dir='ltr'>tempore</span> <span class='ocrx_word' id='word_1_76' title='bbox 1203 1010 1509 1069; x_wconf 54' lang='lat' dir='ltr'>extimuisset,</span> <span class='ocrx_word' id='word_1_77' title='bbox 1534 1011 1710 1073; x_wconf 78' lang='lat' dir='ltr'>ipsum—</span> 
     </span>
     <span class='ocr_line' id='line_1_12' title="bbox 305 1087 1711 1150; baseline -0.001 -18"><span class='ocrx_word' id='word_1_78' title='bbox 305 1104 395 1149; x_wconf 89' lang='lat' dir='ltr'>que</span> <span class='ocrx_word' id='word_1_79' title='bbox 417 1088 462 1132; x_wconf 90' lang='lat' dir='ltr'>in</span> <span class='ocrx_word' id='word_1_80' title='bbox 490 1104 686 1148; x_wconf 85' lang='lat' dir='ltr'>regnum</span> <span class='ocrx_word' id='word_1_81' title='bbox 707 1105 845 1132; x_wconf 83' lang='lat' dir='ltr'>suum</span> <span class='ocrx_word' id='word_1_82' title='bbox 870 1089 1209 1143; x_wconf 84' lang='lat' dir='ltr'>restituturum,</span> <span class='ocrx_word' id='word_1_83' title='bbox 1239 1087 1384 1131; x_wconf 88' lang='lat' dir='ltr'>modo</span> <span class='ocrx_word' id='word_1_84' title='bbox 1412 1087 1531 1132; x_wconf 84' lang='lat' dir='ltr'>bene</span> <span class='ocrx_word' id='word_1_85' title='bbox 1550 1087 1711 1150; x_wconf 81' lang='lat' dir='ltr'>coeptis</span> 
     </span>
     <span class='ocr_line' id='line_1_13' title="bbox 305 1165 1708 1227; baseline 0.001 -19"><span class='ocrx_word' id='word_1_86' title='bbox 305 1165 399 1209; x_wconf 72' lang='lat' dir='ltr'>suis</span> <span class='ocrx_word' id='word_1_87' title='bbox 424 1165 655 1209; x_wconf 78' lang='lat' dir='ltr'>faventem</span> <span class='ocrx_word' id='word_1_88' title='bbox 682 1167 836 1209; x_wconf 87' lang='lat' dir='ltr'>Deum</span> <span class='ocrx_word' id='word_1_89' title='bbox 862 1175 1001 1225; x_wconf 84' lang='lat' dir='ltr'>atque</span> <span class='ocrx_word' id='word_1_90' title='bbox 1026 1165 1281 1227; x_wconf 77' lang='lat' dir='ltr'>propitium</span> <span class='ocrx_word' id='word_1_91' title='bbox 1305 1165 1395 1225; x_wconf 88' lang='lat' dir='ltr'>(uti</span> <span class='ocrx_word' id='word_1_92' title='bbox 1416 1165 1592 1226; x_wconf 86' lang='lat' dir='ltr'>optime</span> <span class='ocrx_word' id='word_1_93' title='bbox 1610 1180 1708 1226; x_wconf 83' lang='lat' dir='ltr'>spe-</span> 
     </span>
     <span class='ocr_line' id='line_1_14' title="bbox 306 1241 730 1304; baseline 0 -19"><span class='ocrx_word' id='word_1_94' title='bbox 306 1241 458 1304; x_wconf 80' lang='lat' dir='ltr'>rabat)</span> <span class='ocrx_word' id='word_1_95' title='bbox 484 1243 730 1287; x_wconf 84' lang='lat' dir='ltr'>inveniret.</span> 
     </span>
    </p>

    <p class='ocr_par' dir='ltr' id='par_1_3' title="bbox 303 1319 1711 2382">
     <span class='ocr_line' id='line_1_15' title="bbox 368 1319 1709 1380; baseline -0.001 -17"><span class='ocrx_word' id='word_1_96' title='bbox 368 1322 488 1364; x_wconf 86' lang='lat' dir='ltr'>Cum</span> <span class='ocrx_word' id='word_1_97' title='bbox 530 1330 687 1366; x_wconf 86' lang='lat' dir='ltr'>autem</span> <span class='ocrx_word' id='word_1_98' title='bbox 730 1319 826 1363; x_wconf 79' lang='lat' dir='ltr'>haec</span> <span class='ocrx_word' id='word_1_99' title='bbox 861 1319 982 1363; x_wconf 83' lang='lat' dir='ltr'>inter</span> <span class='ocrx_word' id='word_1_100' title='bbox 1022 1322 1307 1362; x_wconf 78' lang='lat' dir='ltr'>Francorum</span> <span class='ocrx_word' id='word_1_101' title='bbox 1343 1334 1499 1379; x_wconf 85' lang='lat' dir='ltr'>regem</span> <span class='ocrx_word' id='word_1_102' title='bbox 1525 1327 1570 1362; x_wconf 87' lang='lat' dir='ltr'>et</span> <span class='ocrx_word' id='word_1_103' title='bbox 1595 1334 1709 1380; x_wconf 88' lang='lat' dir='ltr'>prae-</span> 
     </span>
     <span class='ocr_line' id='line_1_16' title="bbox 305 1394 1710 1456; baseline -0.001 -16"><span class='ocrx_word' id='word_1_104' title='bbox 305 1397 455 1441; x_wconf 84' lang='lat' dir='ltr'>dictos</span> <span class='ocrx_word' id='word_1_105' title='bbox 482 1396 816 1452; x_wconf 71' lang='lat' dir='ltr'>factitarentur,</span> <span class='ocrx_word' id='word_1_106' title='bbox 846 1396 986 1440; x_wconf 83' lang='lat' dir='ltr'>etiam</span> <span class='ocrx_word' id='word_1_107' title='bbox 1010 1395 1137 1441; x_wconf 82' lang='lat' dir='ltr'>aliud</span> <span class='ocrx_word' id='word_1_108' title='bbox 1162 1394 1405 1456; x_wconf 79' lang='lat' dir='ltr'>quoddam</span> <span class='ocrx_word' id='word_1_109' title='bbox 1433 1395 1710 1441; x_wconf 85' lang='lat' dir='ltr'>sceleratum</span> 
     </span>
     <span class='ocr_line' id='line_1_17' title="bbox 307 1472 1711 1535; baseline 0 -18"><span class='ocrx_word' id='word_1_110' title='bbox 307 1475 465 1534; x_wconf 87' lang='lat' dir='ltr'>utique</span> <span class='ocrx_word' id='word_1_111' title='bbox 519 1483 564 1518; x_wconf 83' lang='lat' dir='ltr'>et</span> <span class='ocrx_word' id='word_1_112' title='bbox 616 1490 713 1517; x_wconf 90' lang='lat' dir='ltr'>non</span> <span class='ocrx_word' id='word_1_113' title='bbox 767 1489 933 1535; x_wconf 84' lang='lat' dir='ltr'>parum</span> <span class='ocrx_word' id='word_1_114' title='bbox 977 1473 1255 1534; x_wconf 84' lang='lat' dir='ltr'>injuriosum</span> <span class='ocrx_word' id='word_1_115' title='bbox 1293 1472 1504 1530; x_wconf 78' lang='lat' dir='ltr'>emersit,</span> <span class='ocrx_word' id='word_1_116' title='bbox 1547 1482 1711 1517; x_wconf 84' lang='lat' dir='ltr'>contra</span> 
     </span>
     <span class='ocr_line' id='line_1_18' title="bbox 304 1549 1710 1613; baseline -0.001 -19"><span class='ocrx_word' id='word_1_117' title='bbox 304 1550 535 1612; x_wconf 80' lang='lat' dir='ltr'>quosdam</span> <span class='ocrx_word' id='word_1_118' title='bbox 572 1567 801 1613; x_wconf 79' lang='lat' dir='ltr'>pauperes</span> <span class='ocrx_word' id='word_1_119' title='bbox 830 1559 996 1594; x_wconf 82' lang='lat' dir='ltr'>nautas</span> <span class='ocrx_word' id='word_1_120' title='bbox 1032 1549 1308 1594; x_wconf 80' lang='lat' dir='ltr'>Hollandiae.</span> <span class='ocrx_word' id='word_1_121' title='bbox 1336 1550 1452 1596; x_wconf 81' lang='lat' dir='ltr'>Nam</span> <span class='ocrx_word' id='word_1_122' title='bbox 1472 1565 1579 1594; x_wconf 89' lang='lat' dir='ltr'>cum</span> <span class='ocrx_word' id='word_1_123' title='bbox 1603 1549 1710 1594; x_wconf 87' lang='lat' dir='ltr'>satis</span> 
     </span>
     <span class='ocr_line' id='line_1_19' title="bbox 304 1625 1710 1689; baseline -0.001 -18"><span class='ocrx_word' id='word_1_124' title='bbox 304 1628 386 1672; x_wconf 91' lang='lat' dir='ltr'>diu</span> <span class='ocrx_word' id='word_1_125' title='bbox 411 1638 518 1672; x_wconf 83' lang='lat' dir='ltr'>ante</span> <span class='ocrx_word' id='word_1_126' title='bbox 542 1630 808 1689; x_wconf 80' lang='lat' dir='ltr'>Sequanam</span> <span class='ocrx_word' id='word_1_127' title='bbox 828 1643 937 1671; x_wconf 87' lang='lat' dir='ltr'>cum</span> <span class='ocrx_word' id='word_1_128' title='bbox 958 1627 1050 1671; x_wconf 81' lang='lat' dir='ltr'>suis</span> <span class='ocrx_word' id='word_1_129' title='bbox 1071 1626 1285 1683; x_wconf 73' lang='lat' dir='ltr'>navibus,</span> <span class='ocrx_word' id='word_1_130' title='bbox 1317 1625 1547 1671; x_wconf 88' lang='lat' dir='ltr'>onerandi</span> <span class='ocrx_word' id='word_1_131' title='bbox 1565 1626 1710 1686; x_wconf 80' lang='lat' dir='ltr'>gratia</span> 
     </span>
     <span class='ocr_line' id='line_1_20' title="bbox 303 1702 1709 1766; baseline -0.001 -16"><span class='ocrx_word' id='word_1_132' title='bbox 303 1715 443 1766; x_wconf 86' lang='lat' dir='ltr'>atque</span> <span class='ocrx_word' id='word_1_133' title='bbox 483 1704 749 1750; x_wconf 69' lang='lat' dir='ltr'>advehendi</span> <span class='ocrx_word' id='word_1_134' title='bbox 788 1704 1046 1761; x_wconf 83' lang='lat' dir='ltr'>frumenta,</span> <span class='ocrx_word' id='word_1_135' title='bbox 1086 1704 1383 1749; x_wconf 78' lang='lat' dir='ltr'>intravissent</span> <span class='ocrx_word' id='word_1_136' title='bbox 1411 1714 1454 1749; x_wconf 80' lang='lat' dir='ltr'>et</span> <span class='ocrx_word' id='word_1_137' title='bbox 1479 1720 1555 1749; x_wconf 84' lang='lat' dir='ltr'>eas</span> <span class='ocrx_word' id='word_1_138' title='bbox 1584 1702 1709 1765; x_wconf 80' lang='lat' dir='ltr'>apud</span> 
     </span>
     <span class='ocr_line' id='line_1_21' title="bbox 305 1780 1707 1844; baseline -0.001 -18"><span class='ocrx_word' id='word_1_139' title='bbox 305 1781 652 1842; x_wconf 75' lang='lat' dir='ltr'>Rothomagum</span> <span class='ocrx_word' id='word_1_140' title='bbox 671 1817 682 1838; x_wconf 92' lang='lat'>‚</span> <span class='ocrx_word' id='word_1_141' title='bbox 711 1782 1013 1844; x_wconf 78' lang='lat' dir='ltr'>coemptione</span> <span class='ocrx_word' id='word_1_142' title='bbox 1040 1780 1098 1825; x_wconf 84' lang='lat' dir='ltr'>ab</span> <span class='ocrx_word' id='word_1_143' title='bbox 1129 1780 1257 1825; x_wconf 82' lang='lat' dir='ltr'>urbis</span> <span class='ocrx_word' id='word_1_144' title='bbox 1281 1791 1326 1826; x_wconf 85' lang='lat' dir='ltr'>et</span> <span class='ocrx_word' id='word_1_145' title='bbox 1349 1781 1508 1843; x_wconf 83' lang='lat' dir='ltr'>patriae</span> <span class='ocrx_word' id='word_1_146' title='bbox 1531 1795 1707 1824; x_wconf 86' lang='lat' dir='ltr'>merca-</span> 
     </span>
     <span class='ocr_line' id='line_1_22' title="bbox 303 1857 1708 1916; baseline -0.001 -13"><span class='ocrx_word' id='word_1_147' title='bbox 303 1858 484 1903; x_wconf 82' lang='lat' dir='ltr'>toribus</span> <span class='ocrx_word' id='word_1_148' title='bbox 521 1858 661 1916; x_wconf 79' lang='lat' dir='ltr'>facta‚</span> <span class='ocrx_word' id='word_1_149' title='bbox 699 1867 1002 1911; x_wconf 88' lang='lat' dir='ltr'>onerassent,</span> <span class='ocrx_word' id='word_1_150' title='bbox 1035 1857 1149 1902; x_wconf 89' lang='lat' dir='ltr'>dum</span> <span class='ocrx_word' id='word_1_151' title='bbox 1175 1874 1199 1902; x_wconf 87' lang='lat' dir='ltr'>e</span> <span class='ocrx_word' id='word_1_152' title='bbox 1224 1857 1418 1902; x_wconf 84' lang='lat' dir='ltr'>flumine</span> <span class='ocrx_word' id='word_1_153' title='bbox 1445 1857 1567 1902; x_wconf 79' lang='lat' dir='ltr'>exire</span> <span class='ocrx_word' id='word_1_154' title='bbox 1589 1865 1708 1901; x_wconf 81' lang='lat' dir='ltr'>sata-</span> 
     </span>
     <span class='ocr_line' id='line_1_23' title="bbox 304 1933 1708 1998; baseline -0.001 -18"><span class='ocrx_word' id='word_1_155' title='bbox 304 1945 487 1996; x_wconf 79' lang='lat' dir='ltr'>gerent,</span> <span class='ocrx_word' id='word_1_156' title='bbox 515 1952 541 1979; x_wconf 85' lang='lat' dir='ltr'>a</span> <span class='ocrx_word' id='word_1_157' title='bbox 564 1934 840 1980; x_wconf 86' lang='lat' dir='ltr'>satellitibus</span> <span class='ocrx_word' id='word_1_158' title='bbox 874 1935 1048 1998; x_wconf 70' lang='lat' dir='ltr'>prresati</span> <span class='ocrx_word' id='word_1_159' title='bbox 1074 1934 1236 1997; x_wconf 81' lang='lat' dir='ltr'>perfidi</span> <span class='ocrx_word' id='word_1_160' title='bbox 1263 1934 1321 1980; x_wconf 88' lang='lat' dir='ltr'>de</span> <span class='ocrx_word' id='word_1_161' title='bbox 1342 1933 1565 1979; x_wconf 59' lang='lat' dir='ltr'>[Vm-viole</span> <span class='ocrx_word' id='word_1_162' title='bbox 1587 1933 1708 1996; x_wconf 78' lang='lat' dir='ltr'>pira-</span> 
     </span>
     <span class='ocr_line' id='line_1_24' title="bbox 305 2010 1707 2075; baseline -0.002 -19"><span class='ocrx_word' id='word_1_163' title='bbox 305 2014 442 2058; x_wconf 85' lang='lat' dir='ltr'>ticam</span> <span class='ocrx_word' id='word_1_164' title='bbox 481 2012 778 2070; x_wconf 80' lang='lat' dir='ltr'>facientibus,</span> <span class='ocrx_word' id='word_1_165' title='bbox 806 2013 853 2057; x_wconf 88' lang='lat' dir='ltr'>in</span> <span class='ocrx_word' id='word_1_166' title='bbox 880 2013 1024 2075; x_wconf 86' lang='lat' dir='ltr'>ipsius</span> <span class='ocrx_word' id='word_1_167' title='bbox 1050 2013 1255 2057; x_wconf 78' lang='lat' dir='ltr'>fluminis</span> <span class='ocrx_word' id='word_1_168' title='bbox 1281 2011 1459 2071; x_wconf 68' lang='lat' dir='ltr'>limine,</span> <span class='ocrx_word' id='word_1_169' title='bbox 1482 2010 1561 2055; x_wconf 87' lang='lat' dir='ltr'>ubi</span> <span class='ocrx_word' id='word_1_170' title='bbox 1581 2026 1707 2054; x_wconf 86' lang='lat' dir='ltr'>mare</span> 
     </span>
     <span class='ocr_line' id='line_1_25' title="bbox 307 2090 1707 2152; baseline -0.001 -19"><span class='ocrx_word' id='word_1_171' title='bbox 307 2090 483 2148; x_wconf 73' lang='lat' dir='ltr'>influit,</span> <span class='ocrx_word' id='word_1_172' title='bbox 507 2090 631 2152; x_wconf 81' lang='lat' dir='ltr'>capti</span> <span class='ocrx_word' id='word_1_173' title='bbox 657 2090 868 2149; x_wconf 79' lang='lat' dir='ltr'>fuerunt,</span> <span class='ocrx_word' id='word_1_174' title='bbox 897 2106 1159 2152; x_wconf 87' lang='lat' dir='ltr'>eorumque</span> <span class='ocrx_word' id='word_1_175' title='bbox 1195 2099 1241 2134; x_wconf 87' lang='lat' dir='ltr'>et</span> <span class='ocrx_word' id='word_1_176' title='bbox 1277 2105 1453 2134; x_wconf 87' lang='lat' dir='ltr'>merces</span> <span class='ocrx_word' id='word_1_177' title='bbox 1489 2098 1532 2132; x_wconf 86' lang='lat' dir='ltr'>et</span> <span class='ocrx_word' id='word_1_178' title='bbox 1565 2103 1707 2132; x_wconf 75' lang='lat' dir='ltr'>naves</span> 
     </span>
     <span class='ocr_line' id='line_1_26' title="bbox 304 2165 1705 2227; baseline -0.001 -19"><span class='ocrx_word' id='word_1_179' title='bbox 304 2166 350 2209; x_wconf 89' lang='lat' dir='ltr'>in</span> <span class='ocrx_word' id='word_1_180' title='bbox 376 2166 487 2227; x_wconf 80' lang='lat' dir='ltr'>ripis</span> <span class='ocrx_word' id='word_1_181' title='bbox 515 2168 742 2227; x_wconf 64' lang='lat' dir='ltr'>Sequanae</span> <span class='ocrx_word' id='word_1_182' title='bbox 766 2165 965 2211; x_wconf 60' lang='lat' dir='ltr'>venditae</span> <span class='ocrx_word' id='word_1_183' title='bbox 990 2176 1035 2211; x_wconf 87' lang='lat' dir='ltr'>et</span> <span class='ocrx_word' id='word_1_184' title='bbox 1057 2166 1302 2211; x_wconf 78' lang='lat' dir='ltr'>distractae.</span> <span class='ocrx_word' id='word_1_185' title='bbox 1339 2167 1440 2220; x_wconf 86' lang='lat' dir='ltr'>Qua</span> <span class='ocrx_word' id='word_1_186' title='bbox 1473 2180 1582 2209; x_wconf 90' lang='lat' dir='ltr'>cum</span> <span class='ocrx_word' id='word_1_187' title='bbox 1605 2180 1705 2208; x_wconf 87' lang='lat' dir='ltr'>sus-</span> 
     </span>
     <span class='ocr_line' id='line_1_27' title="bbox 304 2242 1708 2306; baseline -0.001 -20"><span class='ocrx_word' id='word_1_188' title='bbox 304 2252 438 2304; x_wconf 80' lang='lat' dir='ltr'>cepta</span> <span class='ocrx_word' id='word_1_189' title='bbox 473 2243 666 2304; x_wconf 79' lang='lat' dir='ltr'>injuria,</span> <span class='ocrx_word' id='word_1_190' title='bbox 696 2245 863 2289; x_wconf 88' lang='lat' dir='ltr'>iterum</span> <span class='ocrx_word' id='word_1_191' title='bbox 891 2243 1131 2306; x_wconf 85' lang='lat' dir='ltr'>querulosi</span> <span class='ocrx_word' id='word_1_192' title='bbox 1151 2260 1204 2288; x_wconf 90' lang='lat' dir='ltr'>ac</span> <span class='ocrx_word' id='word_1_193' title='bbox 1229 2251 1465 2303; x_wconf 75' lang='lat' dir='ltr'>gementes</span> <span class='ocrx_word' id='word_1_194' title='bbox 1488 2251 1532 2286; x_wconf 88' lang='lat' dir='ltr'>et</span> <span class='ocrx_word' id='word_1_195' title='bbox 1556 2242 1708 2286; x_wconf 85' lang='lat' dir='ltr'>tristes</span> 
     </span>
     <span class='ocr_line' id='line_1_28' title="bbox 306 2318 1705 2382; baseline -0.001 -20"><span class='ocrx_word' id='word_1_196' title='bbox 306 2318 363 2363; x_wconf 86' lang='lat' dir='ltr'>ad</span> <span class='ocrx_word' id='word_1_197' title='bbox 400 2318 645 2363; x_wconf 88' lang='lat' dir='ltr'>dominum</span> <span class='ocrx_word' id='word_1_198' title='bbox 670 2337 807 2365; x_wconf 82' lang='lat' dir='ltr'>suum</span> <span class='ocrx_word' id='word_1_199' title='bbox 824 2358 834 2377; x_wconf 79' lang='lat'>‚</span> <span class='ocrx_word' id='word_1_200' title='bbox 866 2320 1257 2382; x_wconf 81' lang='lat' dir='ltr'>Burgundionum</span> <span class='ocrx_word' id='word_1_201' title='bbox 1277 2319 1470 2377; x_wconf 80' lang='lat' dir='ltr'>ducem,</span> <span class='ocrx_word' id='word_1_202' title='bbox 1500 2318 1705 2363; x_wconf 72' lang='lat' dir='ltr'>revenis-</span> 
     </span>
    </p>
   </div>
   <div class='ocr_carea' id='block_1_3' title="bbox 306 2472 1705 2749">
    <p class='ocr_par' dir='ltr' id='par_1_4' title="bbox 306 2472 1705 2583">
     <span class='ocr_line' id='line_1_29' title="bbox 366 2472 1705 2525; baseline -0.001 -15"><span class='ocrx_word' id='word_1_203' title='bbox 366 2480 395 2512; x_wconf 86' lang='grc' dir='ltr'>Ι.</span> <span class='ocrx_word' id='word_1_204' title='bbox 429 2474 457 2510; x_wconf 88' lang='lat'>11</span> <span class='ocrx_word' id='word_1_205' title='bbox 483 2474 615 2524; x_wconf 83' lang='lat' dir='ltr'>portait</span> <span class='ocrx_word' id='word_1_206' title='bbox 640 2474 672 2509; x_wconf 88' lang='lat' dir='ltr'>lc</span> <span class='ocrx_word' id='word_1_207' title='bbox 694 2474 778 2510; x_wconf 77' lang='lat' dir='ltr'>titre</span> <span class='ocrx_word' id='word_1_208' title='bbox 797 2475 842 2511; x_wconf 79' lang='lat' dir='ltr'>dc</span> <span class='ocrx_word' id='word_1_209' title='bbox 864 2476 991 2525; x_wconf 77' lang='lat' dir='ltr'>prince</span> <span class='ocrx_word' id='word_1_210' title='bbox 1013 2475 1059 2513; x_wconf 87' lang='lat' dir='ltr'>de</span> <span class='ocrx_word' id='word_1_211' title='bbox 1083 2475 1230 2520; x_wconf 65' lang='lat' dir='ltr'>Galles,</span> <span class='ocrx_word' id='word_1_212' title='bbox 1256 2487 1402 2510; x_wconf 87' lang='lat' dir='ltr'>comme</span> <span class='ocrx_word' id='word_1_213' title='bbox 1426 2474 1588 2510; x_wconf 78' lang='lat' dir='ltr'>l&#39;auteur</span> <span class='ocrx_word' id='word_1_214' title='bbox 1609 2472 1705 2509; x_wconf 86' lang='lat' dir='ltr'>l’ex-</span> 
     </span>
     <span class='ocr_line' id='line_1_30' title="bbox 306 2532 691 2583; baseline -0.003 -14"><span class='ocrx_word' id='word_1_215' title='bbox 306 2533 476 2583; x_wconf 72' lang='lat' dir='ltr'>plithra</span> <span class='ocrx_word' id='word_1_216' title='bbox 497 2533 580 2582; x_wconf 64' lang='lat' dir='ltr'>plus</span> <span class='ocrx_word' id='word_1_217' title='bbox 601 2532 691 2569; x_wconf 87' lang='lat' dir='ltr'>loin.</span> 
     </span>
    </p>

    <p class='ocr_par' dir='ltr' id='par_1_5' title="bbox 308 2590 1704 2749">
     <span class='ocr_line' id='line_1_31' title="bbox 358 2590 1704 2641; baseline -0.004 -11"><span class='ocrx_word' id='word_1_218' title='bbox 358 2597 394 2630; x_wconf 71' lang='lat'>2.</span> <span class='ocrx_word' id='word_1_219' title='bbox 428 2596 578 2630; x_wconf 80' lang='lat' dir='ltr'>L&#39;autrc</span> <span class='ocrx_word' id='word_1_220' title='bbox 607 2594 693 2629; x_wconf 75' lang='lat' dir='ltr'>ctait</span> <span class='ocrx_word' id='word_1_221' title='bbox 723 2593 806 2638; x_wconf 55' lang='lat' dir='ltr'>&lt;toja</span> <span class='ocrx_word' id='word_1_222' title='bbox 837 2595 976 2629; x_wconf 70' lang='lat' dir='ltr'>murice</span> <span class='ocrx_word' id='word_1_223' title='bbox 999 2607 1044 2630; x_wconf 84' lang='lat' dir='ltr'>au</span> <span class='ocrx_word' id='word_1_224' title='bbox 1069 2594 1141 2631; x_wconf 90' lang='lat' dir='ltr'>duc</span> <span class='ocrx_word' id='word_1_225' title='bbox 1163 2595 1208 2631; x_wconf 79' lang='lat' dir='ltr'>de</span> <span class='ocrx_word' id='word_1_226' title='bbox 1232 2595 1430 2641; x_wconf 76' lang='lat' dir='ltr'>clarence,</span> <span class='ocrx_word' id='word_1_227' title='bbox 1459 2593 1556 2629; x_wconf 71' lang='lat' dir='ltr'>frere</span> <span class='ocrx_word' id='word_1_228' title='bbox 1578 2591 1627 2627; x_wconf 87' lang='lat' dir='ltr'>‹lu</span> <span class='ocrx_word' id='word_1_229' title='bbox 1649 2590 1704 2626; x_wconf 87' lang='lat' dir='ltr'>roi</span> 
     </span>
     <span class='ocr_line' id='line_1_32' title="bbox 308 2645 1704 2701; baseline -0.003 -13"><span class='ocrx_word' id='word_1_230' title='bbox 308 2645 504 2697; x_wconf 64' lang='lat' dir='ltr'>Efflmard,</span> <span class='ocrx_word' id='word_1_231' title='bbox 532 2652 596 2701; x_wconf 89' lang='lat' dir='ltr'>qui</span> <span class='ocrx_word' id='word_1_232' title='bbox 618 2660 673 2688; x_wconf 76' lang='lat' dir='ltr'>cst</span> <span class='ocrx_word' id='word_1_233' title='bbox 699 2651 914 2688; x_wconf 78' lang='lat' dir='ltr'>mentionnc</span> <span class='ocrx_word' id='word_1_234' title='bbox 939 2652 1022 2700; x_wconf 80' lang='lat' dir='ltr'>plus</span> <span class='ocrx_word' id='word_1_235' title='bbox 1049 2652 1138 2688; x_wconf 83' lang='lat' dir='ltr'>haut</span> <span class='ocrx_word' id='word_1_236' title='bbox 1163 2666 1311 2689; x_wconf 70' lang='lat' dir='ltr'>comme</span> <span class='ocrx_word' id='word_1_237' title='bbox 1331 2654 1464 2689; x_wconf 53' lang='lat' dir='ltr'>§etant</span> <span class='ocrx_word' id='word_1_238' title='bbox 1490 2650 1634 2699; x_wconf 59' lang='lat' dir='ltr'>refugi&amp;</span> <span class='ocrx_word' id='word_1_239' title='bbox 1658 2661 1704 2685; x_wconf 88' lang='lat' dir='ltr'>en</span> 
     </span>
     <span class='ocr_line' id='line_1_33' title="bbox 308 2710 1041 2749; baseline -0.001 -1"><span class='ocrx_word' id='word_1_240' title='bbox 308 2715 449 2749; x_wconf 72' lang='lat' dir='ltr'>France</span> <span class='ocrx_word' id='word_1_241' title='bbox 469 2726 559 2748; x_wconf 69' lang='lat' dir='ltr'>avec</span> <span class='ocrx_word' id='word_1_242' title='bbox 585 2711 617 2747; x_wconf 76' lang='lat' dir='ltr'>le</span> <span class='ocrx_word' id='word_1_243' title='bbox 638 2720 758 2747; x_wconf 82' lang='lat' dir='ltr'>comte</span> <span class='ocrx_word' id='word_1_244' title='bbox 780 2710 825 2746; x_wconf 68' lang='lat' dir='ltr'>do</span> <span class='ocrx_word' id='word_1_245' title='bbox 845 2712 1041 2747; x_wconf 72' lang='lat' dir='ltr'>Warwick.</span> 
     </span>
    </p>
   </div>
  </div>
 </body>
</html>
