1923 3020
705 283 848 318 LIBER
882 281 1105 328 QUINTUS.
1524 282 1596 319 387

212 368 364 431 potiti,
391 383 509 429 quae,
538 376 586 412 ut
610 367 829 425 diximus,
855 383 1021 429 magna
1053 377 1098 412 et
1128 366 1481 430 opulentissima
1503 366 1600 413 fue-

212 455 298 502 rat,
324 445 443 489 intra
466 444 633 490 limites
657 461 766 490 suos
790 445 965 502 hostes,
995 445 1032 489 si
1050 461 1130 490 eos
1158 443 1275 489 forte
1294 443 1600 507 ingrederen-

213 530 303 577 tur,
344 530 516 565 temere
551 521 660 566 inde
683 521 942 583 irrumpere
982 522 1053 566 vel
1083 522 1207 567 exire
1240 537 1338 566 non
1371 530 1601 568 attentan-

212 597 385 641 tes....¹

273 671 417 731 Igitur
460 671 715 716 instaurato
764 670 859 716 dux
904 681 949 716 et
991 681 1238 733 aggregato
1282 674 1606 719 numerosiore

210 762 352 809 quam
380 747 509 809 prius
540 747 762 803 exercitu,
789 756 834 791 et
866 763 965 792 non
997 747 1217 793 inferiore
1245 748 1357 794 belii
1381 759 1608 813 apparatu

209 830 255 866 et
271 837 513 880 curruum,
537 821 695 866 castris
710 821 1017 879 reaedificatis,
1032 822 1330 869 inardescens
1353 825 1607 888 cupiditate

210 896 464 942 ulciscendi
479 905 715 959 susceptas
731 897 964 959 perprius²
981 897 1174 959 injurias
1194 909 1239 944 et
1253 899 1444 960 damna,
1463 900 1610 946 movit

209 989 263 1018 ex
315 976 584 1031 Lausanna,
641 982 687 1018 et
735 981 883 1018 castra
927 973 1152 1019 adversus
1194 976 1435 1021 castellum
1477 976 1608 1039 quod

213 1051 391 1094 Morat³
429 1049 708 1112 appellatur,
749 1049 795 1093 in
833 1048 1006 1095 linibus
1041 1052 1260 1096 extremis
1296 1052 1609 1110 Suitensium,

208 1136 411 1172 metatus
436 1136 520 1172 est.
549 1128 628 1171 Est
652 1125 846 1188 quidem
865 1125 1198 1188 hujuscemodi
1220 1127 1367 1187 locus,
1391 1129 1461 1173 vel
1482 1130 1611 1175 vicus

211 1203 282 1248 vel
304 1202 572 1262 castellum,
612 1203 767 1265 potius
803 1219 946 1264 quam
979 1202 1228 1266 oppidum,
1260 1204 1607 1263 nominandus3

210 1296 305 1324 non
340 1280 466 1324 enim
500 1289 718 1343 putamus
764 1278 856 1324 illic
891 1289 1123 1326 trecentas
1159 1279 1329 1325 domos
1372 1282 1606 1327 exsistere.

210 1352 351 1408 Quod
384 1368 493 1397 cum
535 1349 783 1396 obsidione
813 1350 1083 1413 aliquandiu
1120 1351 1385 1412 fatigasset,
1429 1352 1613 1398 Suiten-

209 1445 296 1486 ses,
318 1428 448 1490 juxta
464 1427 595 1490 quod
620 1427 706 1490 ipsi
729 1425 927 1472 obsessis
946 1427 1144 1490 polliciti
1165 1427 1364 1485 fuerant,
1387 1427 1447 1473 ad
1469 1428 1613 1473 feren-

209 1503 322 1549 dum
362 1504 524 1550 solatia
546 1513 592 1549 et
614 1519 908 1563 succursum,
939 1520 1094 1566 neque
1117 1504 1338 1567 promissi
1368 1504 1614 1549 immemo-

209 1597 298 1640 res,
324 1597 410 1626 nec
443 1580 502 1626 ad
525 1580 876 1642 exsequendum
908 1597 1074 1643 segnes
1098 1580 1405 1644 obtorpuere.
1434 1581 1524 1626 Sed
1560 1598 1614 1626 ex

210 1660 340 1704 terris
363 1660 457 1705 suis
475 1659 670 1706 collecta
691 1659 845 1705 valida
868 1675 1010 1705 manu
1039 1676 1148 1705 cum
1169 1677 1223 1706 ex
1249 1659 1499 1719 foederatis,
1519 1669 1613 1705 tam

210 1736 398 1781 Suevis⁴
431 1752 574 1797 quam
608 1736 974 1796 Ferretensibus,
1012 1747 1057 1783 et
1095 1737 1305 1783 finitimis
1347 1737 1611 1783 civitatibus

210 1814 460 1858 contractis
484 1823 530 1858 et
552 1814 726 1859 coactis
749 1814 930 1876 magnis
951 1814 1152 1872 auxiliis,
1175 1823 1446 1860 constanter
1468 1824 1514 1859 et
1533 1831 1611 1860 au-

210 1888 370 1934 dacter
388 1899 537 1935 castra
556 1906 653 1949 sua,
683 1889 741 1935 ad
762 1890 974 1936 medium
995 1890 1191 1936 milliare
1211 1890 1528 1936 teutonicum⁵
1549 1890 1608 1937 de

210 1967 370 2011 castris
395 1965 638 2012 hostilibus
663 1965 948 2013 locaverant.
994 1970 1062 2013 Ita
1095 1967 1289 2030 quidem
1312 1984 1462 2031 prope
1493 1968 1608 2013 invi-

210 2059 313 2088 cem
333 2043 583 2089 amborum
605 2053 755 2090 castra
775 2043 1075 2103 exsistebant,
1100 2054 1152 2090 ut
1175 2062 1273 2091 non
1298 2044 1484 2090 difficile
1509 2061 1608 2091 sese

212 2119 381 2167 intueri
404 2122 681 2184 potuissent.

268 2216 303 2254 11.
335 2219 388 2253 La
408 2216 543 2266 phrase
563 2224 660 2253 reste
681 2214 775 2252 ainsi
798 2214 1027 2266 suspendue,
1049 2215 1231 2266 quoiqu'il
1251 2218 1315 2266 n’y
1334 2215 1385 2253 ait
1402 2230 1467 2267 pas
1487 2217 1534 2255 de
1552 2217 1611 2255 la-

213 2288 308 2313 cune
330 2275 421 2312 dans
438 2276 472 2312 le
489 2288 543 2312 ins

266 2337 304 2371 2.
335 2338 474 2383 Soepizcs
495 2334 588 2371 dans
610 2334 646 2371 le
668 2347 740 2371 ms.

269 2397 305 2432 3.
337 2396 386 2431 Ce
412 2394 590 2440 chateau,
614 2393 708 2430 situe
731 2405 795 2429 sur
814 2391 850 2429 le
875 2391 933 2428 lae
957 2391 1003 2429 de
1029 2391 1269 2440 Neufchatel,
1298 2391 1536 2442 appartenait
1563 2405 1612 2429 au

214 2462 335 2491 comte
355 2454 402 2490 de
420 2456 598 2501 Romont,
617 2454 710 2490 mais
729 2466 828 2503 pour
847 2452 880 2489 le
904 2461 1070 2490 moment
1086 2453 1112 2490 il
1135 2453 1224 2490 etait
1242 2453 1383 2504 occupe
1403 2466 1472 2503 par
1491 2453 1612 2490 douze

214 2521 316 2550 cents
335 2512 506 2549 hommes
525 2512 571 2549 de
590 2516 711 2549 Berne
731 2520 767 2549 et
786 2510 832 2549 de
850 2510 1051 2563 Fribourg.

268 2575 306 2609 4.
338 2573 442 2608 Ceux
461 2571 507 2608 de
530 2572 566 2608 13
589 2571 750 2610 Souabe.

270 2633 306 2667 5.
339 2633 372 2667 A
396 2647 412 2663 «
435 2644 487 2667 un
507 2629 728 2667 demi-mille
746 2629 950 2677 allemand,
976 2646 993 2663 ν)
1013 2641 1060 2666 en
1079 2642 1131 2666 un
1151 2629 1228 2666 lieu
1248 2643 1322 2680 que
1342 2630 1377 2666 la
1397 2629 1615 2680 Chronique

219 2689 264 2726 de
290 2689 512 2727 Neuschatel
539 2689 688 2739 appelle
721 2688 920 2726 Guemine.
947 2688 1198 2726 Annotations
1221 2688 1268 2726 de
1299 2688 1389 2725 Mlle
1417 2692 1573 2739 Dupont
1597 2691 1617 2725 a

218 2763 287 2786 son
310 2749 454 2787 edition
471 2749 517 2787 de
536 2748 762 2796 Commines,
782 2757 807 2786 t.
832 2751 883 2806 11,
908 2761 946 2797 p.
969 2749 1034 2785 29.
