1923 3020
685 213 829 248 LIBER
865 212 1105 258 QUARTUS.
1525 216 1598 251 289

616 481 813 531 LIBER
853 481 1177 539 QUARTUS.

542 826 929 871 CAPITULUM
977 827 1257 871 PRIMUM.

191 959 360 1002 Qualiter,
380 961 548 994 exstincto
577 962 769 1006 Aquitaniae
790 962 895 1004 duce,
918 975 978 994 rex
999 962 1113 994 multis
1135 962 1413 996 simulationibus
1443 963 1604 998 deluserit

239 1012 363 1046 ducem
385 1014 615 1059 Burgundiae;
636 1024 668 1048 et
689 1015 731 1048 de
751 1016 1008 1060 expugnatione
1027 1016 1153 1049 castelli
1179 1015 1223 1048 de
1244 1017 1340 1049 Nesla
1358 1017 1394 1050 in
1410 1018 1604 1052 Viroman-

239 1064 310 1107 dia,
332 1074 365 1099 et
384 1067 566 1101 obsidione
586 1068 722 1101 Belvaci
742 1080 804 1114 per
823 1067 1105 1114 Burgundiones.

258 1189 387 1232 Hanc
411 1197 567 1232 autem
594 1188 804 1249 germani
837 1187 907 1232 sui
938 1197 1156 1245 mortem,
1187 1188 1463 1252 priusquam
1490 1209 1604 1238 con-

192 1271 425 1306 summata
459 1270 502 1305 et
541 1260 721 1323 expleta
757 1269 902 1318 esset,
954 1277 1034 1305 rex
1070 1277 1167 1305 non
1208 1271 1256 1306 ut
1292 1261 1524 1310 incertum
1558 1277 1604 1312 et

190 1336 465 1398 ambiguum
494 1336 810 1400 exspectabat.
845 1336 1031 1382 Sciebat
1061 1339 1188 1382 enim
1222 1356 1325 1401 quae
1366 1346 1606 1388 sementa¹

185 1415 310 1476 jacta
331 1414 540 1471 fuissent,
559 1430 585 1459 a
608 1413 781 1476 quibus
802 1413 1044 1472 diuturna,
1063 1431 1155 1477 qua
1175 1415 1446 1476 languebat,
1469 1421 1601 1481 aegri-

189 1490 306 1536 tudo
333 1491 602 1553 proveniret
629 1510 637 1535 :
668 1489 811 1549 uncle,
839 1491 948 1536 satis
973 1491 1056 1536 diu
1092 1501 1345 1554 antequam
1383 1495 1598 1558 spiritum

188 1567 441 1624 exhalaret,
472 1584 689 1631 magnam
714 1568 960 1630 copiarum
984 1584 1176 1613 suarum
1194 1579 1375 1632 partem
1401 1572 1460 1617 ad
1482 1590 1600 1619 con-

187 1643 303 1690 fines
325 1646 580 1707 Aquitaniae
600 1644 865 1702 collocavit,
888 1653 951 1703 ut,
970 1661 1027 1689 eo
1054 1657 1388 1692 consummato
1407 1658 1451 1694 et
1473 1649 1599 1695 diem

187 1722 370 1780 functo,
393 1722 571 1784 absque
604 1737 735 1766 mora
764 1738 930 1767 omnes
962 1722 1107 1784 ipsius
1137 1732 1283 1768 terras
1307 1734 1352 1768 et
1387 1725 1598 1773 dominia

188 1809 456 1862 occuparet.
486 1803 539 1844 Et
563 1816 621 1843 ne
641 1798 796 1843 forsan
822 1799 916 1843 dux
942 1798 1221 1861 Burgundiae
1244 1801 1472 1847 aestimare
1493 1820 1598 1866 pos-

186 1885 254 1920 set
286 1893 394 1920 eum
428 1886 626 1936 treugas,
655 1891 758 1937 quae
782 1875 937 1921 adhuc
967 1875 1247 1932 durabant&
1276 1877 1451 1924 violare
1478 1881 1595 1926 velle

184 1954 251 2016 (in
277 1954 449 2016 quibus
474 1953 872 2016 comprehensum
911 1954 1009 1998 fore
1041 1954 1193 2016 ipsum
1222 1955 1478 2016 Aquitaniae
1512 1958 1594 2004 (lu-

185 2047 306 2089 cem,
328 2040 552 2093 tanquam
576 2030 851 2075 foecleratum
873 2030 977 2085 sibi,
1001 2039 1109 2075 ante
1130 2031 1224 2091 regi
1248 2030 1587 2095 denuntiarat),

183 2107 243 2152 ad
266 2107 551 2153 abolendam
577 2107 905 2169 hujuscemodi
930 2107 1264 2169 suspicionem,
1293 2108 1450 2171 plures
1473 2129 1590 2157 nun-

185 2184 273 2229 tios
309 2195 354 2230 et
389 2184 610 2247 epistolas
656 2201 736 2229 rex
766 2183 920 2229 eidem
962 2183 1071 2228 duci
1111 2185 1390 2245 Burgundice
1427 2189 1584 2249 misit,

183 2260 355 2322 quibus
380 2261 464 2306 sibi
493 2260 736 2306 intimabat
759 2260 838 2305 illo
862 2276 968 2306 suas
994 2261 1154 2323 copias
1182 2260 1454 2323 destinasse,
1488 2284 1584 2313 non

183 2337 312 2398 quod
344 2347 528 2400 treugas
553 2338 728 2384 violare
759 2338 828 2383 vel
864 2338 1114 2399 infringere
1138 2339 1303 2398 vellet,
1333 2342 1437 2400 sed,
1477 2346 1586 2406 qnia

183 2413 322 2459 frater
345 2432 455 2460 suus
480 2415 678 2476 graviter
701 2424 962 2476 aegrotaret,
983 2416 1135 2460 vet-eri
1156 2432 1204 2461 se
1229 2433 1288 2462 ne
1315 2417 1450 2478 forte,
1475 2422 1511 2466 si
1537 2423 1583 2467 in

182 2487 274 2534 fata
307 2490 630 2547 concessisset,
666 2505 826 2534 comes
855 2489 1105 2535 Arminiaei
1143 2500 1222 2535 aut
1268 2491 1385 2537 alius
1422 2494 1587 2557 aliquis

235 2632 272 2669 l,
307 2631 405 2665 Pour
425 2631 578 2667 semina.
600 2629 628 2665 ll
652 2641 676 2677 y
700 2643 720 2665 a
739 2638 906 2665 samenta
929 2629 1022 2666 dans
1044 2630 1077 2667 le
1099 2643 1167 2666 ms.

235 2691 270 2723 2.
305 2688 332 2723 ΙΙ
357 2688 464 2733 s'agzit
483 2688 530 2724 de
551 2688 585 2724 la
607 2690 711 2725 treve
734 2689 891 2725 conclue
910 2689 1049 2726 devant
1070 2690 1239 2728 Amiens.

391 2772 420 2795 ιι
1360 2769 1405 2803 19
