1923 3020
681 254 825 290 LIBER
862 251 1129 289 SECUNDUS.
1531 248 1546 282 1
1558 247 1600 283 71

213 350 338 385 certa
361 338 507 385 affixis
541 347 585 384 et
614 338 944 401 pendentibus,
971 337 1091 398 cingi
1116 343 1334 398 poterant
1357 342 1501 378 castra
1525 332 1607 378 ha-

215 416 370 463 bentia
404 417 451 461 in
479 415 661 461 ambitu
693 416 894 478 spatium
922 414 1126 460 duorum
1157 412 1301 457 ferme
1338 409 1607 455 milliarium

216 493 450 537 italorum.
473 492 769 554 Serpentinas
786 492 926 536 etiam
953 501 998 536 et
1021 488 1189 535 similes
1215 487 1458 532 machinas
1480 483 1605 541 belli,

217 584 325 614 cum
346 567 456 611 fusis
478 583 533 611 ex
551 568 671 612 ferro
697 566 969 630 lapidibus¹,
999 565 1108 611 cudi
1131 575 1176 610 et
1197 564 1295 609 fieri
1318 578 1447 626 paene
1469 563 1607 606 innu-

219 659 370 689 meras
393 642 604 688 faciebat.

282 712 396 775 Quae
415 735 523 764 cum
544 720 929 779 Burgundionum
944 717 1078 779 legati
1097 716 1410 777 agnovissent,
1437 723 1481 760 et
1503 713 1608 759 loco

220 795 404 841 foederis
423 795 677 856 conjugalis
697 794 889 840 ineundi
905 794 1016 856 (pro
1039 808 1132 854 qua
1151 808 1199 836 re
1218 807 1326 836 curn
1352 789 1611 835 indubitata

220 888 350 935 paene
372 889 452 934 spe
475 872 601 916 missi
626 872 828 933 fuerant)
846 887 940 916 non
961 869 1086 915 aliud
1111 884 1253 930 quam
1278 867 1451 929 probra
1475 876 1613 928 atque

221 949 371 994 minas
412 957 706 1010 terroresque
750 963 987 993 armorum
1026 945 1342 1001 invenissent,
1386 960 1494 988 cum
1536 941 1614 988 tali

222 1024 515 1088 expeditione
540 1024 599 1070 ad
632 1026 822 1086 propria
855 1023 1114 1075 redierunt,
1147 1030 1190 1065 et
1220 1019 1503 1076 Dinantum,
1537 1018 1615 1063 ubi

222 1110 353 1147 erant
371 1101 417 1145 in
434 1099 1158 1163 obsidioneprincipesillustres,
1185 1095 1439 1158 Philippus,
1463 1104 1612 1157 pater,

224 1187 269 1224 et
286 1178 384 1239 ejus
405 1177 542 1233 filius,
565 1193 591 1222 a
608 1193 703 1239 quo
726 1177 852 1222 missi
877 1176 1074 1233 fuerant,
1098 1174 1354 1226 venientes,
1383 1188 1485 1234 quae
1508 1172 1617 1232 egis-

224 1263 347 1311 sent,
376 1253 626 1298 audiissent
651 1263 791 1315 atque
816 1251 1036 1297 vidissent
1067 1249 1342 1294 retulerunt.

292 1334 544 1392 Postquam
567 1339 747 1384 autem,
775 1329 833 1374 ad
857 1327 1019 1391 oppidi
1043 1325 1462 1389 expugnationem,
1489 1323 1618 1368 bom-

226 1407 381 1454 bardae
405 1424 486 1453 seu
512 1408 719 1470 petrariae
747 1405 946 1450 admotae
978 1413 1109 1461 sunt,
1142 1403 1260 1447 infra
1290 1402 1446 1446 minus
1477 1417 1619 1463 quam

227 1483 410 1529 dierum
439 1492 547 1528 octo
575 1481 856 1528 curriculum
886 1481 1031 1543 ruptis
1059 1478 1265 1524 turribus
1293 1487 1337 1523 et
1364 1476 1617 1534 moenibus,

229 1558 457 1622 oppidum
485 1568 800 1622 expugnatum
822 1559 927 1602 est‘·’.
957 1555 1097 1612 Quod
1124 1571 1232 1600 cum
1259 1554 1449 1612 milites,
1478 1552 1622 1599 insul-

230 1645 330 1681 tum
358 1635 597 1693 facientes,
627 1635 672 1679 vi
702 1633 1074 1696 ingrederentur,
1106 1648 1203 1677 sese
1230 1630 1473 1677 tradidisse
1499 1630 1623 1675 cives

229 1712 289 1758 ad
326 1711 615 1757 voluntatem
646 1711 911 1774 principum
942 1709 1210 1755 ferebantur
1267 1707 1400 1752 Unde
1440 1708 1544 1752 neci
1575 1707 1622 1751 in

231 1789 332 1851 ipso
367 1789 577 1849 ingressu
612 1788 842 1850 parcitum
867 1796 958 1841 est,
995 1802 1119 1847 quae,
1150 1785 1315 1848 procul
1339 1783 1508 1841 dubio,
1538 1784 1624 1828 im-

232 1864 381 1909 manis
400 1864 558 1909 fuisset
576 1879 630 1908 ac
653 1864 874 1925 plurima,
901 1864 986 1907 nisi
1009 1863 1125 1907 sacta
1148 1862 1234 1919 sic,
1264 1861 1475 1921 quamvis
1495 1875 1621 1917 sero,

233 1940 534 2003 praecessisset
559 1939 754 1984 deditio.
783 1939 873 1984 Sed
899 1939 1145 2002 oppidum,
1172 1937 1303 1999 quod
1330 1935 1627 1999 opulentissi-

233 2033 364 2063 mum
391 2026 488 2061 erat
518 2026 563 2061 et
591 2015 653 2061 ob
678 2015 726 2060 id
761 2015 1077 2061 firmissimum
1113 2014 1346 2061 ferebatur
1371 2013 1443 2076 (et
1469 2028 1629 2058 revera

234 2094 300 2139 sic
340 2092 486 2153 erat),
525 2102 570 2137 et
603 2101 796 2155 propter
825 2091 917 2137 hoc
953 2091 1242 2154 locupletum
1284 2090 1424 2136 totius
1468 2089 1627 2152 patriae

234 2184 518 2230 suarumque
553 2184 699 2230 opum
732 2177 870 2229 atque
896 2167 1164 2212 divitiarum
1192 2181 1446 2211 commune
1470 2164 1625 2227 profu-

236 2246 387 2306 gium,
418 2245 463 2289 in
493 2245 808 2306 direptionem
837 2254 880 2288 et
905 2243 1111 2306 praedam
1136 2242 1355 2288 militibus
1378 2242 1528 2287 cessit.
1558 2242 1628 2287 Si-

237 2322 406 2367 militer
437 2332 481 2366 et
513 2321 621 2377 viri,
658 2330 799 2383 prout
832 2321 1028 2382 quisque
1075 2320 1133 2365 ad
1171 2335 1363 2365 manum
1396 2319 1630 2364 victorum

236 2397 467 2455 veniebat,
489 2396 859 2460 [addicebantur]
874 2397 1168 2460 captivitati³;
1197 2413 1256 2442 ne
1281 2406 1440 2442 autem
1464 2396 1511 2441 in
1535 2413 1632 2441 mu-

233 2473 367 2519 lieres
400 2473 602 2519 ludibria
636 2483 679 2518 et
725 2474 1050 2519 obscoenitates
1086 2471 1465 2529 admitterentur,
1501 2472 1631 2534 prin-

294 2598 329 2633 1.
362 2596 617 2634 C’est-ii-dire
638 2596 703 2633 des
721 2597 866 2634 boulets
885 2597 932 2634 de
954 2597 1068 2635 fonte.

293 2658 330 2694 2.
361 2659 412 2692 Le
432 2658 480 2692 28
502 2658 590 2692 coiit
609 2658 723 2693 1466.

295 2716 330 2751 3.
362 2717 414 2751 Le
435 2723 558 2751 comte
586 2714 632 2750 de
658 2714 851 2751 Charolais
877 2732 890 2746 υ
909 2714 973 2751 feit
993 2714 1156 2750 chascun
1181 2713 1287 2764 loger
1307 2725 1375 2762 par
1403 2712 1630 2749 sourrier....
