1923 3020
676 224 818 259 LIBER
842 224 1082 269 QUARTUS.
1511 228 1583 261 33⁴³

257 309 483 355 Mandatis
521 310 658 371 igitur
685 310 779 354 suis
821 308 1139 371 imperialibus
1170 310 1228 355 ad
1270 327 1434 356 omnes
1468 314 1583 356 Ger-

191 387 355 432 maniae
389 386 624 441 civitates,
659 402 762 448 quae
788 386 927 448 vulgo
954 386 1216 449 imperiales
1247 387 1482 445 dicuntur,
1512 388 1581 432 di-

190 463 339 517 rectis,
375 461 566 522 singulis
588 463 837 524 imperavit
870 472 919 506 ut
955 472 1135 507 certum
1160 479 1408 509 numerum
1432 479 1584 509 arma-

189 548 343 583 torum
369 537 429 582 ad
451 537 781 583 Coloniensem
807 538 992 596 urbem,
1016 539 1246 602 praefinito
1270 538 1581 604 eistempore,

189 613 569 659 transmitterent.
618 614 869 659 Accersivit
913 624 958 659 et
1001 616 1156 677 plures
1203 633 1257 661 ex
1297 618 1586 681 principibus

187 690 446 736 Germanice
466 699 511 734 et
533 690 835 734 ecclesiarum
858 691 1073 751 praelatis‚
1098 693 1341 754 potissime
1361 694 1585 740 electores

185 767 312 812 Sacri
337 767 551 828 Imperii,
588 775 638 810 ut
670 782 779 810 cum
808 765 904 822 his,
942 783 1058 828 quas
1092 769 1371 816 contrahere
1397 781 1588 834 possent

184 843 348 906 copiis,
376 843 587 888 similiter
610 842 759 904 parati
782 841 996 887 adessent
1022 843 1081 888 ad
1107 847 1415 892 constitutum
1439 848 1582 894 diem.

184 921 293 964 Erat
326 931 425 965 tum
459 935 544 982 per
579 928 727 964 totam
756 920 1054 965 Germaniam
1074 955 1085 977 ,
1119 931 1164 966 et
1211 932 1337 968 trans
1374 924 1587 971 Rhenum

182 1006 228 1042 et
249 996 314 1041 cis
340 995 554 1041 Rhenum
577 1012 661 1059 per
693 1012 858 1041 omnes
896 996 1041 1042 ferme
1076 998 1309 1057 civitates,
1334 1002 1510 1064 oppida
1545 1013 1590 1048 et

183 1071 343 1129 villas,
382 1074 546 1133 ingens
580 1072 798 1135 strepitus
830 1088 1101 1130 armorum,
1149 1075 1386 1137 multaque
1424 1077 1591 1124 verbo-

184 1165 288 1193 rum
328 1149 554 1210 jactantia
591 1148 650 1194 de
696 1149 1151 1212 comprehendendo
1199 1153 1589 1213 Burgundionum

183 1224 328 1283 duce,
358 1242 525 1288 quem,
553 1235 604 1271 ut
626 1225 769 1287 vulgo
801 1225 1032 1284 ferebant,
1062 1242 1232 1272 manus
1261 1244 1368 1275 suas
1391 1231 1590 1278 evadere

183 1302 473 1365 impossibile
497 1303 632 1348 soret.

247 1378 338 1423 Sed
361 1380 459 1441 ipse
487 1379 796 1424 nihilominus
826 1380 872 1424 in
897 1396 982 1425 sua
1006 1380 1233 1426 immotus
1262 1383 1590 1444 perseverabat

183 1454 448 1513 obsidione,
475 1472 573 1502 sese
596 1457 735 1501 etiam
764 1456 823 1501 ad
847 1456 1198 1520 excipiendum,
1225 1460 1263 1503 si
1285 1460 1591 1521 aggrederen-

183 1541 257 1577 tur
302 1549 410 1578 eum
449 1533 629 1590 hostes,
677 1534 923 1595 diligenter
966 1550 1020 1580 ac
1066 1535 1262 1581 solerter
1300 1553 1585 1600 praeparans.

182 1608 445 1655 Currebant
475 1609 631 1655 adhuc
662 1610 785 1655 inter
823 1613 1112 1656 Francorum
1147 1629 1306 1674 regem
1346 1623 1392 1659 et
1434 1615 1588 1678 ipsum

182 1694 370 1747 treugae,
406 1703 508 1748 quae
534 1702 660 1732 anno
689 1687 930 1749 superiore
955 1688 1076 1733 inter
1108 1705 1188 1734 eos
1225 1691 1350 1736 initae
1385 1690 1584 1750 fuerant,

183 1763 416 1809 duraturae
449 1780 596 1825 usque
633 1763 693 1808 ad
729 1763 870 1808 finem
901 1765 1076 1810 mensis
1109 1766 1305 1829 aprilis¹.
1343 1770 1486 1827 Quae,
1529 1786 1588 1814 ne

180 1850 549 1903 prorogarentur
571 1841 691 1886 inter
713 1857 813 1897 eos,
842 1849 938 1887 tota
961 1843 1216 1888 Germania
1242 1843 1443 1889 maxime
1462 1860 1588 1890 vere-

180 1915 335 1963 batur.
368 1917 504 1962 Unde
534 1917 630 1980 ipse
663 1917 920 1980 imperator
951 1917 1139 1963 crebras
1170 1935 1257 1981 pro
1288 1935 1342 1964 ea
1367 1936 1416 1964 re
1443 1930 1488 1965 et
1510 1921 1586 1966 alii

179 1993 441 2039 Germaniae
463 1993 698 2056 principes
722 1993 978 2054 legationes
1007 1994 1067 2039 ad
1094 1997 1381 2039 Francorum
1405 2011 1579 2058 regem,

180 2080 226 2115 et
247 2071 347 2116 vice
370 2086 519 2127 versa,
545 2069 810 2124 mittebant,
840 2079 1100 2131 satagentes
1126 2081 1172 2116 υἱ
1198 2088 1252 2116 ex
1277 2071 1459 2117 duabus
1481 2088 1584 2136 par-

182 2146 302 2192 tibus
324 2163 563 2210 aggressus
593 2147 981 2207 Burgundionum
1001 2146 1113 2206 dux,
1137 2158 1181 2193 et
1203 2148 1346 2193 veluti
1369 2149 1579 2211 quodam

180 2223 324 2268 modo
349 2224 617 2278 conclusus,
644 2224 802 2287 plagas
838 2239 954 2286 quas
985 2224 1025 2269 ei
1058 2224 1336 2283 tendebant,
1372 2226 1579 2273 nullate-

180 2317 267 2345 nus
292 2311 449 2363 posset
473 2301 717 2363 effugere2.

232 2457 268 2492 1.
293 2455 396 2491 Cette
415 2455 536 2499 treve,
556 2453 684 2503 signee
698 2454 734 2490 le
758 2456 805 2490 13
821 2453 905 2500 juin
924 2455 1036 2501 1474,
1052 2453 1178 2491 ‹levait
1196 2454 1312 2493 dnrer
1328 2455 1484 2506 jusques
1503 2467 1540 2495 et
1557 2473 1581 2509 y

176 2513 341 2563 compris
365 2512 401 2548 le
424 2515 478 2549 1er
498 2513 571 2549 mai
603 2515 719 2551 1475.
751 2513 907 2564 Lenglet
928 2513 1160 2563 Dusresn0y‚
1185 2516 1409 2562 Conmzz'nes,
1441 2524 1468 2553 t.
1500 2519 1575 2565 ΙΙΙ,

207 2601 214 2610 .
247 2574 336 2611 321.

177 2586 202 2622 p
229 2633 267 2671 2.
299 2632 389 2669 Voir
409 2632 443 2669 le
463 2633 571 2670 traite
591 2632 725 2670 conclu
744 2636 764 2670 a
782 2632 1010 2670 Andernach
1033 2633 1068 2670 le
1093 2635 1136 2671 31
1165 2634 1367 2673 decembre
1389 2638 1488 2675 1474
1508 2651 1578 2689 par

177 2692 406 2741 l'empereur
425 2701 462 2729 et
480 2692 534 2729 les
558 2692 741 2729 electeurs
761 2691 807 2728 de
828 2692 1123 2744 l’Empiressavec
1149 2693 1204 2730 les
1231 2693 1580 2745 plenipotentiaires
