1923 3020
758 285 904 320 LIBER
942 284 1208 321 SECUNDUS.
1613 286 1629 321 1
1641 286 1688 321 99

283 390 460 437 eosque
481 373 792 419 acerbissimis
816 371 935 417 odiis
958 372 1318 418 insectarentur.
1342 371 1410 417 Ab
1428 370 1509 417 illo
1530 380 1688 418 tamen

283 468 399 497 ausu
427 451 650 513 sacrilego
677 466 776 495 sese
802 458 1146 512 temperarunt,
1174 448 1384 512 quodam
1407 448 1583 494 vicario
1608 465 1691 495 seu

283 527 520 588 sigillifero
538 528 749 590 episcopi
766 526 999 572 trucidato
1012 529 1039 580 ¹,
1055 527 1278 590 episcopo
1296 536 1341 572 et
1355 526 1530 572 caeteris
1546 527 1689 572 vitam

283 613 537 649 servantes.
567 606 720 660 Quem
739 604 878 649 etiam
903 603 1180 666 episcopum
1204 603 1333 649 abire
1352 603 1685 667 permiserunt,

282 679 499 724 maximis
531 679 708 725 eisdem
746 679 1049 725 sacramentis
1081 678 1381 738 devinctum,
1418 695 1611 725 omnem
1643 695 1692 725 se

282 756 504 801 daturum
540 773 733 819 operam
767 755 893 819 apud
916 755 1152 801 sororium
1184 759 1365 815 suum²‚
1394 756 1691 818 Burgundio-

281 849 398 878 num
423 833 619 891 ducem,
649 843 883 896 quatenus
913 832 1308 878 reconciliationis
1338 833 1532 895 gratiam
1559 833 1690 879 inve-

281 912 439 957 nirent
461 912 590 975 apud
615 929 739 957 eum.

347 991 496 1034 Porro
514 1005 623 1034 cum
644 987 1034 1050 Burgundionum
1054 985 1149 1031 dux
1162 1019 1173 1038 ‚
1194 986 1275 1048 qui
1302 994 1402 1031 tum
1420 1001 1529 1031 cum
1546 989 1691 1033 Fran-

280 1082 448 1111 corum
497 1082 606 1127 rege
655 1065 781 1129 apud
820 1068 1050 1110 Peronam
1093 1062 1245 1108 foedus
1288 1073 1610 1126 percusserat,
1645 1073 1691 1109 et

280 1158 447 1205 pacem
479 1160 566 1206 pro
605 1152 718 1188 voto
756 1158 811 1187 ac
848 1140 1081 1187 desiderio
1119 1156 1206 1185 suo
1247 1138 1561 1196 ol)tinuerat³‚
1600 1141 1689 1186 tale

280 1219 493 1282 ipsorum
518 1219 778 1265 recidivum
804 1219 1083 1264 Eburonum
1110 1216 1372 1280 perjurium
1402 1226 1543 1279 atque
1567 1234 1689 1280 coep-

281 1305 381 1341 tum
409 1296 710 1342 intellexisset
741 1295 962 1358 (quibus,
993 1296 1041 1340 in
1072 1295 1229 1357 priore
1261 1293 1437 1340 eisdem
1465 1310 1690 1340 concessa

280 1388 420 1435 pace,
448 1374 753 1418 incensurum
775 1389 824 1417 se
848 1373 991 1418 altera
1013 1372 1137 1429 vice⁷
1167 1372 1361 1417 Dinanti
1384 1371 1546 1428 instar,
1575 1371 1689 1416 civi-

280 1458 423 1495 tatem
446 1466 596 1507 suam,
624 1450 661 1495 si
687 1450 918 1512 promissa
942 1458 1054 1494 tunc
1078 1457 1124 1494 et
1147 1448 1234 1494 sibi
1255 1449 1409 1510 jurata
1434 1447 1532 1493 ullo
1559 1458 1690 1512 post-

278 1525 367 1571 hac
398 1526 475 1571 die
509 1526 851 1583 convellerent,
887 1535 1180 1571 sacramento
1213 1525 1476 1587 firmarat),
1521 1541 1691 1588 magna

278 1602 530 1648 adversum
565 1619 646 1648 eos
682 1602 1008 1664 indignatione
1042 1612 1315 1666 permotus,
1352 1603 1479 1649 illico
1520 1620 1687 1649 omnes

278 1681 462 1743 copias,
495 1696 612 1741 quas
635 1680 761 1743 apud
787 1683 1017 1725 Peronam
1041 1680 1280 1743 expeditas
1306 1680 1535 1738 habebat,
1562 1680 1688 1726 illico

278 1756 527 1802 contraxit.
567 1758 812 1812 Quocum'*
861 1760 1151 1802 Francorum
1194 1773 1302 1814 rex,
1347 1756 1689 1802 benevolentiae

279 1849 388 1877 cum
413 1849 471 1878 eo
504 1832 763 1879 conciliatae
789 1832 1018 1879 indicium
1050 1833 1283 1896 singulare
1314 1843 1360 1879 et
1386 1833 1527 1879 veluti
1560 1834 1689 1896 pacis

333 1992 369 2026 ¹1.
401 1991 564 2038 Jacques
584 1988 631 2026 de
645 1989 859 2035 Morialmc‚
878 1988 1113 2027 archidiacre
1130 1988 1177 2026 de
1194 1987 1339 2039 l'eglise
1357 1987 1403 2025 de
1420 1988 1550 2039 Liege‚
1577 2006 1595 2024 α
1614 1990 1690 2028 fort

276 2049 384 2099 prive
406 2049 536 2086 dudict
565 2049 750 2098 (Nosque,
778 2048 831 2085 dit
857 2048 1095 2095 Commines,
1125 2061 1199 2098 que
1225 2047 1414 2098 plusieurs
1443 2048 1513 2085 fois
1536 2048 1690 2102 j’avoye

276 2121 353 2145 veu
376 2108 480 2145 arme
504 2108 550 2144 de
574 2116 696 2145 tontes
720 2108 845 2158 picces
870 2108 981 2158 apres
1008 2121 1077 2145 son
1103 2108 1268 2145 maistre.
1296 2124 1314 2141 2>
1339 2109 1554 2155 ΛΙέιηοίνεε,
1580 2108 1606 2145 l.
1628 2111 1688 2157 ΙΙ,

276 2181 309 2205 c.
335 2182 406 2204 vn.

331 2229 367 2264 2.
400 2230 496 2277 Voy.
521 2225 730 2271 ci-dessus‚
753 2239 792 2276 p.
819 2227 910 2262 167.

333 2290 369 2324 3.
401 2285 618 2323 Commines
640 2285 832 2336 tcmoigne
854 2298 930 2335 que
952 2285 989 2322 la
1012 2285 1193 2323 nouvelle
1216 2284 1263 2322 de
1283 2297 1344 2322 ces
1370 2284 1572 2324 de'sordres
1598 2300 1690 2338 par-

277 2344 359 2381 vint
384 2358 433 2382 au
457 2345 529 2382 duc
553 2345 599 2382 dc
626 2348 854 2396 Bourgogne
878 2354 992 2383 avant
1016 2346 1051 2382 la
1077 2344 1295 2382 conclusion
1319 2344 1371 2382 du
1397 2345 1528 2394 traite,
1554 2355 1590 2384 et
1615 2361 1690 2397 que

277 2407 367 2440 c'est
392 2406 412 2440 51
438 2417 550 2441 cause
576 2404 623 2441 de
646 2405 727 2442 cela
752 2404 844 2454 qu’il
869 2406 908 2441 fit
932 2405 967 2442 le
993 2405 1049 2441 roi
1073 2404 1288 2454 prisonnier
1313 2406 1334 2440 a
1359 2405 1535 2442 Perenne
1560 2406 1605 2452 (l.
1630 2410 1665 2444 II
1681 2436 1692 2454 ‚

276 2477 310 2501 c.
332 2466 422 2510 vn).
445 2466 497 2501 M.
521 2462 699 2501 Michelet
718 2477 739 2501 a
760 2464 928 2514 pr0uve‚
956 2464 1106 2514 (l'apres
1131 2463 1168 2500 la
1183 2463 1337 2500 version
1359 2463 1410 2500 du
1430 2464 1504 2501 sire
1525 2465 1689 2502 d’Hum-

276 2521 477 2568 bercourt‚
508 2523 704 2560 recueillie
735 2523 828 2560 dans
858 2523 1049 2561 l’Histoire
1080 2523 1126 2561 de
1157 2523 1271 2574 Liege
1299 2523 1350 2560 du
1377 2523 1502 2560 moine
1522 2524 1690 2570 Adrien,

277 2585 457 2631 qu'avant
487 2584 610 2619 meme
637 2596 711 2632 quc
737 2583 772 2620 le
799 2583 857 2620 roi
882 2585 1004 2620 entrat
1029 2583 1122 2620 dans
1145 2583 1337 2629 peronne,
1357 2582 1391 2619 le
1413 2582 1486 2619 duc
1503 2582 1550 2620 de
1570 2586 1692 2621 Bour-

276 2654 399 2691 gogne
425 2641 663 2688 s’attendait‚
692 2641 742 2679 du
772 2642 854 2679 cote
885 2642 932 2679 de
958 2643 1091 2694 Liege,
1119 2644 1139 2679 a
1169 2642 1251 2694 pire
1279 2644 1366 2692 qu'a
1394 2655 1436 2679 ce
1463 2642 1528 2692 qui
1548 2643 1690 2682 arriva.

277 2703 376 2738 Hist.
399 2702 446 2735 de
466 2704 628 2746 Frcmce,
652 2711 676 2739 t.
700 2704 772 2748 VI,
795 2716 828 2740 c.
852 2716 904 2739 1v.

330 2761 366 2794 4.
403 2760 471 2795 Cui
489 2773 568 2796 cam
591 2759 684 2796 dans
703 2760 738 2797 le
760 2774 830 2797 ms.
