1923 3020
287 247 328 279 Η
636 239 970 275 HISTORIARUM
999 238 1232 273 LUDOVICI
1261 238 1316 272 XI

346 330 476 374 Circa
504 328 600 390 ipsa
631 340 837 387 namque
873 340 957 369 sua
989 322 1209 381 exordia,
1237 338 1345 367 cum
1378 323 1520 367 totius
1550 325 1676 384 regni

282 404 598 470 gubernacula
640 412 684 448 et
720 400 1063 466 possessionem
1101 416 1148 446 se
1184 410 1372 445 nactum
1411 399 1676 462 conspexit,

283 492 411 529 tanta
435 481 533 544 ejus
562 489 769 526 mentem
792 477 1058 539 arrogantia
1084 486 1332 539 tantusque
1360 485 1517 521 tumor
1546 474 1680 521 obse·

284 558 374 611 dit,
418 567 467 602 ut
507 573 672 601 omnes
711 554 785 600 vel
826 553 990 612 ltaliae,
1030 552 1100 598 vel
1144 553 1386 614 regionum
1423 552 1679 598 vicinarum

283 635 519 699 principes
564 643 704 696 atque
746 640 1016 695 potentatus
1058 640 1362 676 contemnere
1413 628 1682 692 eisdemque

282 712 405 758 bella
451 711 620 757 inferre
660 709 774 755 velle
823 708 1075 754 videretur.
1123 710 1176 752 Et
1218 707 1423 770 primum
1465 705 1681 769 quidem¹

285 789 392 835 duci
414 787 833 833 Mediolanensium
859 785 931 831 vel
958 785 1066 848 ipsis
1084 783 1397 830 Januensibus
1422 783 1521 847 (qui
1544 783 1684 846 paulo

286 875 393 911 ante
420 874 585 910 contra
608 873 787 928 patrem
823 863 986 908 suum²
1010 860 1373 918 rebellaverant,
1403 869 1447 905 et
1471 861 1517 904 in
1553 877 1685 905 mon-

287 942 406 988 tanis
429 941 522 987 suis
552 957 681 1000 eam,
711 956 851 1002 quam
878 938 968 984 illic
997 937 1055 983 ad
1080 936 1345 982 domandos
1368 953 1448 982 eos
1473 937 1682 996 miserat,

287 1017 636 1082 expeditionem
675 1014 1019 1080 protriverant)
1064 1013 1240 1059 bellum
1276 1013 1506 1072 illaturus,
1546 1029 1687 1074 seque

288 1096 346 1141 de
366 1095 567 1158 acceptis
586 1093 765 1138 ulturus
789 1092 994 1153 injuriis,
1019 1090 1245 1135 illustrem
1258 1089 1479 1135 comitem
1501 1093 1682 1136 Dunen-

289 1189 414 1225 sem,
451 1188 591 1232 quem
630 1179 674 1214 et
716 1168 856 1213 veluti
892 1167 1237 1230 proscriptione
1269 1165 1548 1224 damnabat,
1580 1184 1686 1212 curn

289 1248 463 1295 caeteris
492 1247 640 1310 copiis
668 1245 727 1290 ad
751 1247 992 1289 Astensem
1012 1244 1245 1289 civitatem
1266 1253 1311 1289 et
1334 1246 1685 1305 Sagouensem’,

291 1341 440 1388 prope
465 1323 599 1369 ducis
636 1321 996 1368 Mediolanensis
1031 1330 1075 1365 et
1102 1320 1404 1365 Januensium
1439 1321 1687 1370 terminos.

291 1403 356 1447 ire
395 1401 563 1463 coegit.
599 1400 718 1456 Qui,
757 1399 929 1444 invitus
965 1398 1071 1443 licet
1109 1407 1152 1444 et
1190 1414 1288 1443 non
1326 1413 1469 1460 parva
1504 1397 1692 1443 affectus

290 1479 484 1542 injuria,
511 1478 590 1523 illo
615 1476 854 1541 profectus
888 1484 953 1520 est
989 1484 1034 1520 et
1061 1491 1143 1537 per
1170 1491 1320 1520 annos
1349 1474 1555 1537 aliquot,
1588 1473 1690 1520 abs·

291 1571 383 1619 que
416 1555 573 1617 aliquo
614 1569 894 1615 congressu,
922 1560 1210 1609 remoratus3
1238 1550 1414 1608 donec,
1443 1549 1690 1596 adinventa

292 1634 363 1678 via
388 1649 471 1696 per
491 1632 789 1696 prudentiam
813 1646 968 1688 suam,
997 1646 1100 1691 quae
1131 1628 1218 1673 sibi
1249 1628 1293 1672 in
1320 1627 1516 1673 Galliam
1539 1636 1582 1672 et
1606 1637 1691 1672 ter-

294 1727 367 1756 ras
391 1726 495 1755 suas
525 1710 726 1755 reditum
751 1708 971 1771 aperiret,
992 1706 1167 1751 firdera
1192 1715 1329 1768 atque
1349 1705 1560 1751 amicitiae
1580 1705 1696 1749 inter

295 1803 450 1849 regem
499 1797 544 1832 et
579 1786 748 1832 <lucem
788 1785 1040 1830 Mediolani
1083 1784 1311 1847 copulatae
1342 1792 1465 1828 sunt.
1514 1781 1695 1838 Quibus

294 1863 553 1909 conciliatis
572 1900 583 1922 ,
611 1863 735 1908 idem
761 1861 949 1907 illustris
985 1877 1143 1906 comes
1173 1861 1404 1905 Dunensis
1428 1861 1472 1904 in
1498 1858 1692 1904 Galliam

296 1940 560 1987 revertendi
590 1939 824 1985 licentiam
852 1938 1130 2001 impetravit.

297 2075 418 2110 Status
450 2083 485 2111 et
513 2073 696 2110 libertatis
727 2081 879 2109 nostrae.
906 2089 920 2103 »
951 2072 1008 2109 Cf.
1036 2071 1206 2121 Philippo
1235 2071 1281 2107 de
1309 2070 1536 2114 Communes,
1557 2068 1698 2105 edition

297 2132 452 2183 Lenglet
478 2133 707 2181 Dusresnoy,
738 2141 764 2179 t,
787 2134 837 2177 Π,
860 2145 898 2181 p.
922 2133 1020 2177 5563
1042 2130 1184 2166 edition
1204 2130 1249 2167 de
1269 2130 1359 2166 Mlle
1378 2133 1553 2178 Dupont,
1579 2136 1603 2163 Ι.
1628 2129 1696 2171 111,

299 2207 336 2243 p.
363 2195 450 2232 338.

356 2254 391 2290 1.
423 2254 473 2287 Le
495 2265 562 2287 ms.
587 2251 766 2288 intercale
788 2251 833 2286 ici
855 2263 905 2286 un
927 2254 992 2298 qai
1010 2248 1247 2286 absolument
1267 2247 1412 2284 inutile.

353 2312 390 2347 2.
425 2310 512 2345 Voir
537 2310 726 2347 l'Histoire
747 2310 793 2347 de
813 2309 968 2346 Cliarles
988 2311 1071 2354 vll,
1094 2309 1117 2344 l.
1142 2310 1185 2354 V,
1213 2308 1271 2345 ch.
1299 2322 1362 2344 xx.

356 2373 391 2407 3.
425 2369 502 2406 Asti
524 2377 560 2405 et
581 2372 723 2415 Saona,
750 2383 799 2405 ou
818 2382 963 2405 comino
989 2381 1037 2404 on
1065 2367 1117 2403 dit
1139 2380 1185 2403 en
1206 2367 1365 2414 franqais
1388 2370 1452 2401 Ast
1479 2372 1513 2401 et
1538 2366 1697 2400 savone.

302 2433 450 2467 Savonc
466 2427 605 2463 n'avait
622 2441 685 2476 pas
705 2428 767 2463 suit
785 2427 1006 2464 ‹1‹'=s‹·c1i‹›n21
1023 2426 1222 2476 l⁷exemple
1236 2425 1282 2462 (le
1297 2427 1434 2471 (jc-nes,
1451 2432 1486 2459 et
1503 2422 1616 2458 Louis
1630 2424 1700 2468 XI,

304 2503 400 2540 pour
430 2500 606 2537 marquer
635 2500 700 2522 son
731 2488 978 2533 av‹'·neim·nt,
1002 2487 1181 2522 confirma
1208 2487 1270 2532 (26
1291 2483 1443 2522 octobre
1464 2485 1597 2530 1461),
1620 2483 1704 2533 puis

303 2556 504 2597 augmenta
531 2546 576 2582 de
597 2559 801 2582 nouveaux
825 2547 1027 2597 privil‹'·ges
1057 2549 1120 2592 (14
1143 2546 1342 2583 (leccmbre
1366 2547 1477 2590 1462
1505 2544 1539 2580 la
1558 2543 1701 2579 consti-

302 2608 423 2644 tution
444 2619 518 2656 que
537 2605 689 2643 Chai-les
710 2607 777 2641 VlI
798 2606 897 2641 avait
924 2606 1071 2642 donnee
1098 2609 1116 2643 ii
1148 2615 1243 2643 cette
1267 2606 1377 2651 ville,
1401 2603 1618 2656 gouvernce
1638 2601 1702 2638 des

305 2666 380 2702 lors
402 2678 469 2715 par
491 2665 555 2701 (les
577 2663 767 2715 podestats
787 2676 833 2699 au
854 2663 964 2699 choix
980 2665 1029 2699 du
1045 2665 1100 2700 roi
1122 2665 1169 2701 (lc
1185 2668 1338 2702 France.
1365 2665 1623 2699 Ordonnances
1641 2661 1704 2694 des

308 2726 379 2760 mis
398 2726 444 2759 de
465 2727 620 2769 Franz-e,
646 2732 670 2758 t.
693 2724 777 2767 XV,
800 2735 838 2772 p.
863 2724 935 2758 137
957 2731 990 2758 et
1017 2724 1104 2758 599.
