1923 3020
308 223 382 258 ⁰279.
669 222 1006 256 HISTORIARUM
1035 221 1270 257 LUDOVICI
1298 223 1353 257 XI

307 309 666 375 persequendas.
705 308 820 366 Qui,
862 308 921 353 ad
949 306 1155 353 diversas
1191 317 1369 370 partes,
1407 309 1467 354 de
1506 311 1713 371 ejusdem

306 387 507 433 exterriti
531 386 760 443 adventu,
789 384 1091 446 diffugerunt.
1126 386 1359 448 Praecipue
1390 403 1500 431 vero
1526 387 1585 432 ad
1611 405 1712 450 per·

304 462 601 525 sequendum
634 460 909 524 praedictum
947 461 1221 507 bastardum
1255 463 1314 508 de
1350 462 1709 523 Falclzenlmrff,

303 540 384 601 qui
415 539 541 603 apud
576 539 732 584 villam
770 538 829 583 de
865 537 1110 582 Samlwz‘ch
1149 539 1458 599 maritimam,
1492 557 1712 601 magnam

303 615 458 660 adhuc
482 625 733 661 nautarum
761 623 1145 677 armatorumque
1169 624 1213 660 et
1236 616 1427 661 navium
1453 615 1711 661 multitudi—

304 708 412 737 nem
437 692 609 738 habere
636 691 885 737 ferebatur.
912 691 1002 736 Sed
1028 692 1126 754 ipse
1150 708 1202 737 ac
1219 693 1373 738 caeteri
1393 693 1630 752 satellites,
1652 693 1711 739 de

302 770 423 830 regis
447 770 656 815 adventu
679 768 738 814 ad
768 785 815 813 se
842 768 1018 832 perlata
1050 768 1192 828 sama,
1226 769 1480 832 prudenter
1505 776 1603 833 ejus
1632 769 1712 816 ad-

303 856 494 891 ventum
515 847 850 910 praevenientes
869 855 913 890 et
931 844 1120 891 obviam
1147 846 1401 905 mittentes,
1429 847 1711 909 veniamque

302 921 537 985 supplices
564 921 880 984 postulantes,
911 937 1075 983 pacem
1100 937 1125 966 a
1151 938 1258 982 rege
1288 932 1594 984 acceperunt,
1629 923 1709 968 de·

302 1000 626 1062 ditionemque
653 1001 862 1044 fecerunt
888 999 1196 1060 quadraginta
1219 1010 1264 1044 et
1287 1009 1465 1062 septem
1486 1000 1706 1059 navium,

302 1093 418 1140 quas
452 1076 541 1122 sub
571 1092 654 1121 sua
682 1075 920 1121 habebant
950 1085 1204 1137 potestate,
1232 1075 1524 1138 aliarumque
1552 1093 1707 1122 rerum

303 1169 418 1216 quas
442 1170 519 1198 rex
541 1153 599 1199 ab
624 1153 688 1198 eis
711 1153 857 1197 voluit
883 1152 1094 1213 accipere
1119 1162 1164 1196 et
1192 1151 1383 1197 habere,

368 1233 423 1276 Et
448 1231 540 1276 hoc
567 1229 711 1275 modo
736 1228 971 1292 completa
996 1238 1040 1273 et
1063 1228 1277 1274 absoluta
1309 1229 1391 1274 fuit
1421 1246 1503 1292 per
1536 1230 1709 1277 Edoar-

302 1309 416 1354 dum
446 1307 737 1371 recuperatio
764 1306 907 1351 totius
932 1306 1001 1351 sui
1031 1307 1160 1368 regni
1198 1306 1394 1368 Angtiae,
1428 1322 1453 1351 a
1486 1323 1582 1368 quo
1617 1307 1707 1354 fac—

305 1388 431 1431 tione
455 1396 498 1431 et
522 1382 875 1448 proditionibus
906 1383 1026 1428 illius
1050 1383 1235 1429 comitis
1264 1383 1323 1428 de
1351 1386 1572 1429 Warm'clz
1600 1385 1709 1448 pul-

300 1481 377 1508 sus
413 1463 680 1524 ejectusque
710 1460 852 1523 paulo
889 1469 997 1506 ante
1032 1460 1200 1520 suerat,
1241 1470 1289 1505 ut
1327 1477 1467 1523 supra
1507 1477 1533 1506 a
1571 1460 1709 1508 nobis

300 1541 496 1586 relatum
522 1549 604 1584 est.
633 1538 774 1594 Quod
802 1538 996 1600 quidem
1025 1539 1170 1584 armis
1198 1547 1243 1583 et
1271 1539 1544 1584 strenuitate
1568 1540 1707 1586 mira-

300 1617 381 1663 bili
405 1627 545 1679 atque
569 1615 806 1678 diligentia
838 1614 898 1660 ab
929 1632 985 1660 co
1011 1615 1272 1660 edomitum
1300 1626 1441 1678 atque
1466 1617 1707 1678 conquisi-

299 1706 398 1741 tum
427 1696 536 1754 suit,
563 1711 673 1739 cum
699 1709 840 1757 parva
864 1692 1124 1738 admodum
1148 1693 1281 1738 initio
1303 1710 1469 1753 manu,
1493 1695 1539 1739 in
1565 1693 1707 1739 unde-

298 1774 389 1820 cim
432 1771 842 1818 hebdomadarum
885 1771 1061 1833 spatio,
1101 1787 1127 1816 a
1162 1771 1238 1816 die
1272 1788 1392 1833 quo,
1433 1772 1704 1817 transmisso

298 1851 441 1910 freto,
472 1849 640 1914 pedem
662 1851 707 1894 in
738 1866 883 1911 regno
908 1848 1146 1911 reposuit:
1175 1848 1306 1911 quod
1330 1865 1428 1894 non
1454 1865 1597 1911 parva
1619 1849 1706 1894 uti·

297 1946 388 1992 que
414 1929 610 1990 dignum
630 1927 941 1973 admiratione
968 1925 1241 1972 babendum
1261 1936 1351 1985 est,
1378 1943 1486 1971 cum
1509 1936 1617 1971 ante
1636 1943 1703 1972 re-

298 2023 505 2067 gressum
529 2021 666 2050 suum
689 2021 838 2049 unum
857 2003 1025 2067 pedem
1046 2003 1185 2048 totius
1202 2004 1360 2067 patriae
1374 2003 1459 2048 sibi
1478 2002 1703 2048 obedien-

298 2095 391 2130 tem
417 2102 511 2130 non
537 2084 756 2141 haberet,
785 2082 865 2128 sed
889 2091 1008 2128 esset
1031 2091 1182 2127 totum
1208 2099 1231 2127 a
1257 2083 1350 2127 suis
1383 2081 1702 2127 infe1-1sissimis

299 2172 437 2224 atque
462 2160 769 2207 acerbissimis
792 2146 1007 2205 hostibus
1032 2159 1320 2204 vindicatum
1347 2169 1391 2204 et
1416 2175 1698 2222 possessum.

300 2241 352 2283 Et
384 2238 513 2299 qnod
545 2255 641 2283 reni
682 2236 830 2282 multo
867 2236 1180 2281 difficiliorem
1223 2235 1701 2299 periculosioremque

297 2314 383 2360 sibi
413 2314 666 2371 efficiebat,
701 2314 841 2359 iidem
878 2312 1035 2358 hostes
1065 2329 1230 2358 omnes
1262 2313 1403 2358 ferme
1431 2311 1633 2375 populos
1658 2321 1701 2358 et

297 2390 478 2437 accolas
517 2390 674 2450 regni,
720 2400 816 2435 tum
858 2391 904 2435 in
941 2390 1129 2435 Heni-ici
1163 2406 1337 2435 nomen
1372 2406 1425 2436 ac
1459 2389 1695 2448 savorem,

299 2478 396 2513 tum
425 2468 469 2512 in
499 2466 609 2511 dicti
635 2467 817 2511 comitis
843 2466 902 2511 dc
927 2467 1168 2526 ll'atw'elc,
1205 2467 1410 2513 faventes
1433 2467 1698 2528 mirumque

296 2546 342 2590 in
368 2543 564 2589 modum
590 2543 677 2588 sibi
703 2543 893 2589 affectos
918 2543 1181 2603 habebant3
1211 2554 1406 2608 propter
1429 2544 1560 2606 quod
1583 2559 1697 2589 con-
1759 2567 1777 2585 ο

350 2708 384 2743 1.
418 2704 630 2750 Ci-dessus,
654 2717 690 2754 p.
714 2705 803 2740 ⁶267.
