1923 3020
268 239 342 274 186
629 234 969 271 IIISTORIARUM
996 233 1232 269 LUDOVICI
1259 234 1314 269 XI

267 325 457 381 excidit,
486 322 669 368 vexavit
693 330 737 365 et
768 320 1034 383 populavit,
1063 329 1113 365 ut
1137 329 1429 366 commeatus
1449 337 1672 368 annonae-

266 418 357 463 quc
382 399 601 463 penuria,
629 414 726 442 non
763 396 910 442 modo
945 396 1055 441 inde
1089 396 1258 441 milites
1293 407 1338 442 et
1377 413 1560 460 regem,
1596 398 1678 443 sed

267 476 438 521 inultos
475 476 615 520 ctiam
651 490 705 519 ex
739 473 911 518 accolis
944 473 1105 535 patri-<c
1139 473 1365 520 excedere
1403 484 1448 520 et
1489 474 1579 520 alio
1617 474 1678 521 ad

265 551 493 615 pabulum
511 588 522 610 7
553 568 640 614 pro
664 549 744 594 illo
770 566 921 606 anno,
948 549 1286 595 inveniendum
1321 550 1450 596 abire
1482 567 1680 614 compu-

266 629 396 686 lerit,
435 645 543 674 cum
585 627 756 673 famem
787 626 903 686 illic,
935 626 1056 672 illius
1092 627 1403 690 expeditionis
1429 628 1678 674 occasione

267 705 503 764 obortam,
531 705 733 750 tolerare
759 720 854 749 non
883 713 1088 766 possent.

331 786 446 839 Quae
469 799 578 827 cum
606 782 705 826 sine
736 781 890 826 fructu
913 781 1139 826 dissoluta
1170 792 1216 827 et
1246 781 1464 845 dissipata
1493 781 1674 840 fuisset,

265 871 420 907 {estate
443 862 689 923 sequente¹
713 859 990 917 ammiralis,
1019 859 1172 904 dictus
1203 860 1449 905 Bastardus
1472 859 1530 904 de
1559 863 1679 904 Bor-

265 938 438 995 1101110,
466 954 573 983 cuin
599 937 706 982 satis
735 952 876 999 parva
909 952 1053 981 manu
1082 936 1341 999 profligatis
1365 937 1423 983 de
1445 940 1677 983 Norman-

265 1018 343 1062 nia
381 1013 646 1061 ssritonibus
684 1013 791 1076 (qui
829 1030 876 1058 se
914 1013 1056 1057 totius
1093 1013 1296 1074 regionis
1335 1013 1545 1076 populo,
1584 1014 1679 1059 suis

266 1091 617 1157 proditionibus
641 1100 685 1136 et
710 1089 984 1145 latrociniis,
1006 1105 1173 1134 exosos
1197 1088 1542 1151 reddiderant),
1567 1091 1680 1135 civi-

266 1178 381 1215 tates
403 1179 448 1215 et
469 1167 646 1231 oppida
671 1177 811 1228 atque
830 1182 982 1223 arces,
1011 1181 1126 1226 quas
1152 1174 1424 1223 tenuerant,
1452 1165 1539 1211 sub
1559 1165 1680 1229 regis

267 1246 496 1291 ditionem
520 1243 650 1290 facile
675 1242 868 1303 redegit,

335 1327 564 1386 Vergente
596 1331 754 1368 autem
772 1330 817 1365 et
836 1319 1251 1383 appropinquante
1269 1318 1330 1364 ad
1348 1318 1581 1365 hiemem²
1603 1319 1680 1366 illa

267 1411 438 1459 aestate,
462 1415 570 1445 cum
594 1398 827 1443 statuisset
849 1413 926 1442 rex
948 1396 1073 1442 bello
1095 1406 1140 1442 et
1160 1396 1302 1442 armis
1322 1395 1409 1440 sibi
1434 1396 1681 1442 Britanniae

267 1489 411 1525 terras
447 1476 662 1537 subigere
698 1484 839 1536 atque
879 1490 1158 1535 germanum
1194 1489 1333 1517 suum
1368 1471 1462 1517 illic
1497 1471 1682 1518 delites-

267 1564 452 1601 centem
474 1552 575 1615 (qui
600 1567 786 1614 semper
813 1566 1010 1611 magnos
1033 1549 1121 1595 sibi
1144 1549 1339 1595 incussit
1363 1558 1515 1594 metus
1539 1559 1680 1611 atque

269 1629 595 1689 formidinem)
624 1627 712 1673 sub
741 1643 875 1673 suani
904 1627 1116 1689 redigere
1144 1636 1189 1672 et
1217 1625 1443 1671 reducere
1469 1635 1681 1688 potesta-

269 1718 387 1765 tem,
417 1706 475 1751 ad
502 1705 601 1750 illas
630 1703 957 1768 pervadendas
987 1713 1134 1750 terras
1165 1712 1309 1765 atque
1345 1702 1676 1766 occupandas,

267 1800 376 1828 cum
410 1799 579 1844 magna
617 1791 748 1845 parte
781 1797 973 1826 suarum
1005 1780 1254 1843 copiarum
1287 1788 1439 1824 certos
1482 1795 1679 1825 suorum

268 1860 468 1906 militum
502 1859 645 1904 duces
677 1858 924 1919 delegavit.
958 1857 1159 1902 Maxime
1188 1855 1316 1900 enim
1346 1854 1406 1900 ad
1440 1854 1531 1900 hoc
1562 1856 1680 1918 regis

267 1937 539 1983 versabatur
565 1937 787 1993 intentio⁷
822 1945 871 1980 ut
895 1935 1027 1980 ducis
1057 1933 1303 1979 Britanniae
1337 1932 1507 1978 auxilia
1539 1942 1679 1994 atque

268 2015 457 2072 solatia,
494 2016 573 2076 qui
604 2013 866 2059 arctissimo
898 2022 1039 2073 atque
1076 2011 1376 2056 tenacissimo
1415 2009 1598 2055 foederis
1635 2019 1681 2054 et

267 2093 479 2138 amicitiae
504 2108 626 2136 nexu
654 2090 1046 2152 Burgundionum
1075 2088 1185 2133 duci
1210 2087 1527 2149 adglutinatus
1553 2096 1676 2143 erat,

269 2169 355 2215 sibi
389 2168 698 2224 abstraheret,
736 2167 810 2213 vel
850 2184 960 2212 eum
993 2166 1038 2211 vi
1076 2175 1121 2210 et
1157 2165 1298 2210 armis
1330 2162 1675 2228 opprimendo,

268 2308 434 2345 tindrent
454 2305 488 2343 le
508 2320 577 2355 roy
599 2314 635 2342 et
654 2306 795 2342 sadicte
813 2305 941 2342 armee
960 2304 1208 2353 longuement
1228 2318 1313 2341 sans
1332 2303 1414 2340 rien
1436 2303 1552 2350 saire3
1576 2311 1613 2339 et
1632 2315 1680 2340 en

268 2381 310 2404 ce
334 2367 467 2403 faisant
488 2366 711 2415 mangi-rent
729 2373 764 2402 ct
784 2364 1029 2401 (leunisii-ent
1049 2372 1131 2400 tout
1148 2363 1181 2399 le
1203 2363 1280 2413 plat
1303 2375 1409 2414 pays,
1429 2362 1518 2399 bien
1542 2364 1566 2398 ὰ
1582 2364 1683 2412 vingt

268 2441 313 2462 οιι
332 2435 449 2462 trente
470 2428 583 2461 lienes
603 2424 731 2461 dudict
746 2425 822 2462 lieu
839 2424 891 2462 du
911 2427 1017 2461 Mans
1037 2432 1073 2461 et
1088 2423 1312 2473 d’Alencon.
1329 2440 1345 2456 n
1362 2422 1504 2462 Chron.
1524 2422 1677 2468 scand.,

271 2487 324 2521 acl
339 2499 429 2521 (ιηη.
455 2485 572 2522 1467.

325 2546 361 2581 l.
394 2545 493 2579 Anat
512 2544 627 2580 1468.

324 2604 362 2641 Ξ.
395 2604 422 2638 ΙΙ
449 2601 570 2638 aurait
593 2601 651 2638 cte
672 2600 755 2651 plus
781 2609 888 2637 exact
917 2599 963 2635 dc
993 2609 1125 2637 mettre
1156 2602 1209 2636 ad
1237 2609 1453 2635 autumnum
1470 2627 1480 2645 ‚
1502 2612 1566 2636 car
1590 2601 1681 2634 c'est

271 2674 318 2698 au
349 2661 444 2697 mois
474 2660 520 2697 dc
549 2659 762 2710 septembre
790 2673 865 2709 que
897 2659 930 2695 lc
959 2659 1014 2694 roi
1040 2660 1079 2694 tit
1108 2659 1161 2696 les
1191 2658 1417 2708 preparatiss
1443 2657 1535 2694 dont
1564 2670 1613 2693 on
1633 2669 1678 2692 va

272 2720 410 2770 parler.
