1923 3020
787 255 931 290 LIBER
959 254 1154 290 PRIMUS.
1617 252 1665 287 97

275 342 413 398 nulli,
455 342 543 387 nisi
583 341 814 399 volentes,
853 341 1064 386 amittere
1099 339 1295 404 possint.
1339 341 1406 384 An
1446 355 1557 384 vero
1596 355 1668 384 se-

274 419 372 463 curi
411 429 521 464 sunt
556 418 604 463 hi
644 419 788 463 nostri
827 416 1059 462 ambitiosi
1091 426 1136 462 et
1166 415 1325 479 cupidi
1359 415 1664 473 dominandi,

274 494 478 549 etiamsi,
510 510 538 539 a
561 494 750 539 nemine
781 494 917 549 victi,
954 509 1099 554 usque
1129 491 1188 537 ad
1218 492 1443 536 terminos
1471 492 1599 537 orbis
1623 501 1669 537 et

275 578 507 614 extremos
543 569 681 614 maris
714 585 942 627 recessus,
969 578 1014 613 et
1042 569 1089 613 in
1122 567 1295 613 insulas
1326 583 1665 630 quascumque,

275 663 411 691 suum
448 648 808 710 propagaverint
846 645 1171 691 dominatum?
1204 646 1342 707 Atqui
1378 645 1525 708 plenae
1562 655 1670 691 sunt

275 722 501 778 historiae,
529 733 574 767 et
596 732 773 768 veteres
804 732 849 767 et
879 723 1181 777 recentioreS,
1209 721 1455 783 quomodo
1481 722 1670 766 maximi

278 800 580 861 imperatores
611 809 656 844 et
692 816 843 861 reges,
879 808 988 843 tunc
1015 815 1123 843 cum
1154 798 1356 843 maxima
1385 808 1523 859 atque
1552 799 1673 844 latis-

277 875 395 919 sima
428 876 624 919 assecuti
663 875 933 920 viderentur
965 874 1182 937 imperia,
1222 873 1366 930 dolis,
1405 873 1668 932 fraudibus,

276 950 456 996 insidiis
487 951 556 996 vel
590 951 978 997 machinamentis
1010 959 1055 995 et
1087 949 1408 994 molitionibus
1446 967 1668 1010 suorum,

277 1027 352 1072 vel
376 1025 601 1085 liliorum,
633 1028 705 1071 vel
732 1027 948 1081 fratrum,
979 1042 1062 1070 seu
1088 1041 1287 1070 uxorum
1311 1041 1365 1070 ac
1388 1025 1670 1072 domestico-

277 1121 383 1148 rum
432 1103 753 1148 miserabiliter
793 1103 1048 1165 perierunt.
1102 1104 1316 1157 Quorum
1368 1101 1672 1164 particulares

278 1196 434 1234 casus,
463 1181 500 1224 si
526 1196 645 1241 quos
670 1179 805 1224 latius
831 1179 985 1224 videre
1009 1178 1228 1237 delectet,
1259 1177 1379 1240 legat
1402 1177 1549 1223 libros
1572 1183 1672 1225 Jus-

279 1258 379 1315 tini,
405 1256 548 1302 libros
570 1256 761 1301 joannis
781 1255 989 1300 Boccacii
1013 1254 1071 1301 de
1094 1253 1284 1300 Casibus
1306 1255 1528 1300 Virorum
1552 1255 1674 1300 illus-

278 1335 435 1392 trium,
457 1333 530 1379 vel
546 1333 762 1378 historias
778 1332 969 1395 Josephi
986 1348 1067 1376 seu
1088 1331 1216 1377 Pauli
1235 1331 1389 1377 Orosii
1409 1349 1417 1375 :
1437 1332 1483 1376 in
1502 1331 1673 1394 quibus

278 1411 478 1456 inveniet
506 1409 831 1471 hujuscemodi
852 1408 1174 1471 exemplorum
1195 1409 1334 1471 plena
1356 1408 1614 1454 volumina.

343 1491 473 1533 Hanc
490 1496 647 1532 autem
666 1486 819 1530 omnis
837 1485 1092 1530 securitatis
1110 1495 1154 1530 et
1175 1483 1522 1547 tranquillitatis
1541 1486 1675 1530 amis-

279 1565 458 1609 sionem
482 1573 526 1608 et
546 1564 790 1624 jacturam,
821 1578 922 1623 quae
946 1561 1083 1622 hujus
1106 1560 1376 1606 ambitionis
1400 1570 1445 1606 et
1468 1561 1673 1607 libidinis

279 1639 557 1685 dominandi
595 1655 752 1684 comes
787 1647 832 1682 et
869 1637 1124 1701 pedisequa
1169 1637 1421 1683 infallibilis
1470 1639 1670 1697 exsistit,

282 1715 579 1778 philosophia
610 1712 892 1777 perpulchre
923 1712 1115 1757 alumno
1149 1729 1236 1757 suo
1270 1712 1547 1771 ostendens,
1585 1713 1675 1758 ele-

280 1805 440 1857 ganter
471 1793 598 1857 apud
635 1792 878 1837 Boethium
910 1791 1135 1837 exclamat
1167 1809 1175 1836 :
1213 1811 1235 1834 «
1273 1793 1496 1838 Praeclara
1526 1809 1672 1855 opum

280 1870 549 1917 mortalium
580 1867 848 1924 beatitudo,
881 1883 1021 1929 quam
1046 1883 1154 1912 cum
1183 1866 1380 1929 adeptus
1409 1867 1570 1924 fueris,
1605 1885 1674 1913 se-

281 1964 420 1993 curus
455 1962 552 1991 esse
587 1942 788 1989 desistis!
822 1964 840 1984 »
875 1946 987 1999 Quae
1022 1944 1185 2002 etiam,
1223 1959 1364 2005 quam
1401 1943 1583 1989 fallaces
1619 1961 1673 1991 ac

281 2023 518 2071 mendosae
547 2023 660 2081 sint,
691 2021 949 2065 luculenter
979 2019 1184 2065 ostendit
1208 2038 1217 2064 :
1244 2036 1369 2081 quae,
1399 2035 1507 2064 cum
1536 2019 1674 2065 suffi-

280 2101 497 2147 cientiam
532 2098 720 2153 afferre,
752 2105 794 2141 et
828 2112 1017 2141 omnem
1047 2096 1353 2157 indigentiam
1391 2093 1474 2158 [se]
1508 2095 1675 2159 depul-

281 2194 410 2224 suras
446 2176 744 2240 promittant,
780 2189 876 2218 non
916 2172 1061 2218 modo
1092 2172 1140 2217 id
1167 2188 1263 2217 non
1294 2171 1512 2218 exhibent
1542 2175 1673 2236 quod

281 2256 585 2318 pollicentur,
628 2251 709 2297 scd
748 2249 1093 2294 insufficientias
1135 2258 1180 2294 et
1217 2248 1494 2310 indigentias
1533 2251 1673 2296 etiam

281 2331 504 2394 plurimas
528 2345 684 2374 secum
709 2326 920 2383 trahunt3
947 2326 1334 2387 verissimumque
1356 2335 1425 2371 est
1450 2326 1564 2372 illud
1589 2330 1673 2373 Se-

282 2423 407 2452 necae
435 2426 445 2451 :
473 2427 492 2448 α
521 2404 765 2450 permultis
791 2402 997 2463 indigere
1021 2402 1100 2463 qui
1126 2401 1270 2447 multa
1294 2401 1535 2464 possident
1557 2422 1601 2461 »,
1629 2414 1674 2449 et

282 2485 389 2547 quia
416 2503 438 2526 «
464 2498 634 2544 magna
657 2480 849 2526 servitus
872 2489 939 2524 est
963 2494 1131 2540 magna
1152 2478 1357 2524 fortuna.
1386 2499 1408 2520 ))

347 2562 393 2605 Si
416 2561 518 2622 quis
541 2559 679 2621 igitur
699 2574 806 2602 vere
827 2556 1076 2615 dominari,
1106 2571 1215 2601 vere
1239 2572 1428 2601 securus
1452 2556 1676 2602 invictus-

283 2653 374 2699 que
407 2652 503 2681 esse
535 2633 850 2697 concupierit,
878 2649 973 2677 non
1006 2648 1171 2693 regna,
1201 2649 1298 2678 non
1323 2632 1540 2695 imperia,
1578 2650 1673 2679 non

284 2713 508 2759 terminos
531 2727 641 2756 suos
670 2710 715 2755 in
749 2719 924 2755 exteras
952 2719 1110 2769 gentes
1133 2718 1178 2754 et
1201 2709 1415 2754 nationes
1441 2707 1675 2770 proferre,

494 2802 528 2823 11
1450 2787 1469 2820 7
