1923 3020
281 254 355 289 118
641 248 977 285 HISTORIARUM
1005 246 1240 284 LUDOVICI
1269 246 1323 281 XI

280 342 489 402 quinque
522 336 678 381 leucas
717 351 815 380 non
857 333 1056 397 amplius
1096 349 1121 379 a
1157 349 1206 378 se
1237 332 1486 392 distanteS,
1521 333 1688 380 relictis

281 425 384 479 post
409 430 456 458 se
476 410 770 476 pedestribus
787 411 936 473 copiis
960 420 1004 456 et
1028 408 1242 456 curribus
1269 408 1441 471 quibus
1461 409 1690 455 machinae

279 501 323 535 et
346 503 475 534 arma
493 486 659 532 bellica
680 485 991 543 vehebantur,
1021 484 1208 547 aggredi
1233 485 1438 548 primum
1465 487 1690 547 Burgun-

278 567 444 611 diones
479 563 743 609 destinavit.
790 562 840 608 ld
883 552 1077 624 quidem
1115 562 1381 607 inconsulte
1413 580 1422 607 ε
1455 578 1595 619 nam,
1638 573 1689 608 ut

278 645 469 709 publica
498 661 589 689 vox
621 652 667 689 et
690 642 988 688 verisimilius
1020 652 1146 698 erat,
1186 643 1222 687 si
1255 643 1460 705 primum
1496 641 1557 687 ad
1591 643 1688 687 Bri-

280 735 449 770 tonum
480 724 736 769 exercitum
776 722 1113 768 debellandum
1149 738 1197 767 se
1220 723 1551 781 convertisset,
1579 739 1687 767 cum

276 818 371 863 quo
396 809 493 846 erat
518 800 737 855 Carolus,
765 815 1016 861 germanus
1040 815 1174 853 suus,
1201 808 1367 844 contra
1391 799 1509 859 regis
1530 798 1690 861 copias

277 877 472 923 minime
514 877 724 922 Britones
766 875 1018 921 subsistere
1074 874 1351 937 potuissent.
1408 878 1518 920 Esto
1562 875 1688 920 enim

279 953 408 1016 quod
448 963 602 999 essent
641 953 825 998 circiter
857 951 1111 996 duodecim
1151 950 1293 996 millia
1320 952 1552 1007 virorum,
1593 967 1687 995 non

281 1040 438 1075 tamen
465 1030 526 1075 ita
551 1029 692 1075 armis
716 1029 945 1090 equisque
977 1026 1189 1072 instructi
1225 1036 1356 1071 erant
1381 1027 1690 1088 quemadmo-

282 1106 396 1151 dum
422 1106 589 1151 milites
613 1105 772 1166 regffl,
802 1119 955 1165 neque
989 1102 1034 1146 in
1061 1118 1108 1148 re
1140 1101 1327 1146 militari
1366 1102 1485 1148 adeo
1515 1104 1690 1149 exerci-

286 1185 384 1229 tati.
422 1182 512 1229 Sed
543 1182 652 1244 quia
692 1181 864 1226 mirum
899 1182 944 1224 in
983 1178 1181 1222 modum
1214 1177 1536 1225 inardescebat
1573 1181 1691 1242 regis

281 1259 466 1304 animus
500 1258 558 1303 ad
590 1256 950 1320 Burgundiones
975 1252 1305 1312 debellandos,
1333 1255 1515 1301 omissis
1541 1257 1690 1302 Brito-

281 1336 440 1391 nibus,
472 1335 529 1381 ad
559 1335 781 1380 comitem
805 1333 863 1378 de
890 1329 1134 1377 Clearolozis·
1157 1347 1262 1376 suas
1288 1331 1448 1394 copias
1471 1331 1638 1379 direxit
1659 1335 1686 1378 ¹.

770 1540 1113 1585 CAPITULUM
1149 1541 1205 1583 V.

283 1670 332 1702 De
354 1668 473 1714 praelio
490 1676 611 1701 contra
630 1666 840 1712 Burgundos
854 1666 947 1712 apud
962 1666 1266 1699 Montem-Hericii
1285 1678 1346 1712 per
1361 1677 1475 1710 regem
1494 1664 1693 1705 commisse,

328 1730 407 1768 post
423 1721 520 1766 quod
543 1733 622 1762 rex,
642 1721 903 1766 Rothomagum
923 1719 1132 1761 adveniens,
1152 1732 1292 1765 magnas
1311 1719 1430 1764 coplas
1454 1731 1494 1751 ex
1518 1719 1689 1752 Norman-

330 1777 386 1810 nia
407 1775 526 1809 eduxit
541 1784 573 1809 et
590 1775 739 1809 Parisios
757 1787 790 1808 se
809 1775 951 1821 recepit.

352 1899 482 1945 Idem
525 1908 682 1945 autem
723 1914 886 1944 comes
924 1915 1072 1963 prope
1109 1898 1267 1944 villam
1304 1895 1690 1954 Montis-Hericii‚

288 1976 428 2038 vulgo
455 1976 631 2022 dictam
652 1975 999 2038 Mont-le-lzery,
1037 1986 1186 2022 castra
1212 1992 1294 2022 sua
1326 1975 1516 2032 locavit,
1547 1989 1694 2036 eaque

289 2070 460 2115 magno
509 2070 733 2099 curruum
775 2069 976 2098 numero
1020 2053 1281 2110 munierat,
1327 2052 1407 2115 qui
1453 2050 1694 2097 machinas

290 2147 397 2177 suas
422 2140 462 2175 et
502 2130 611 2176 belli
634 2141 915 2194 apparatum
940 2130 1193 2177 vehebant.
1222 2133 1341 2175 (lum
1366 2145 1475 2191 ergo
1499 2127 1559 2173 ad
1584 2144 1695 2172 eum

292 2208 449 2253 locum
489 2224 563 2252 rex
600 2208 941 2264 adventasset2,
970 2208 1018 2252 in
1051 2225 1145 2271 quo
1174 2217 1378 2253 castrum
1414 2205 1555 2251 babet
1588 2205 1695 2250 satis

291 2284 509 2342 firmum,
544 2283 749 2329 decrevit
775 2285 897 2330 illico
929 2286 1083 2348 ipsum
1119 2285 1340 2330 comitem
1367 2283 1424 2328 de
1451 2281 1697 2327 Chat-olois

343 2431 378 2464 1.
411 2427 627 2465 Commines
650 2436 703 2463 cst
728 2427 814 2463 bien
836 2428 919 2476 plus
938 2428 1141 2477 croyable,
1165 2428 1334 2478 lorsqu'il
1357 2428 1502 2464 asfirme
1519 2455 1527 2471 ‚
1549 2438 1696 2462 comme

288 2487 322 2524 lc
343 2495 472 2523 tenant
496 2485 543 2522 de
566 2485 680 2522 Louis
704 2488 757 2521 XI
779 2485 1008 2534 lui-meme,
1029 2500 1103 2536 qne
1124 2488 1157 2524 le
1181 2487 1329 2524 dessein
1352 2486 1398 2522 de
1429 2485 1583 2522 celui-ci
1610 2484 1697 2521 e'tait

285 2545 419 2583 d’aller
440 2557 478 2581 se
503 2543 714 2580 renfermer
733 2543 826 2579 dans
856 2545 958 2579 Paris
990 2559 1035 2581 cn
1058 2547 1202 2583 evitant
1230 2546 1283 2583 les
1310 2545 1602 2595 Bourguignons
1620 2574 1628 2589 ‚
1660 2551 1697 2579 et

285 2619 359 2656 que
383 2606 417 2641 la
437 2612 640 2641 rencontre
660 2605 763 2639 n‘cut
784 2602 858 2638 licu
878 2616 952 2651 quc
974 2617 1084 2652 parce
1105 2619 1178 2654 que
1202 2606 1328 2642 Pierre
1347 2604 1394 2641 de
1412 2604 1526 2640 Breze
1546 2603 1582 2639 la
1603 2615 1695 2652 pro—

288 2680 376 2702 cura
399 2664 445 2701 de
465 2678 504 2701 sa
526 2677 664 2713 propre
685 2663 849 2699 volontc.
874 2665 1087 2709 Mdnmires,
1114 2664 1138 2701 l.
1163 2668 1193 2711 1,
1215 2679 1247 2700 c.
1273 2679 1330 2700 111.

343 2727 379 2762 2.
418 2727 462 2761 16
480 2723 603 2770 juillet.
623 2725 737 2760 14⁶5.
