1923 3020
737 258 879 292 LIBER
914 258 1128 293 TERTIUS.
1558 258 1631 293 229

239 345 412 408 absque
440 345 559 391 scitu
588 354 632 391 et
660 344 836 406 absque
870 345 1106 389 voluntate
1136 353 1275 406 atque
1300 358 1534 388 consensu
1557 360 1634 387 cx-

238 423 404 485 pressis
439 423 557 482 regis
594 421 819 479 Franciae3
858 421 970 483 quin
1011 421 1168 483 potius
1201 428 1560 484 prosequeretur
1592 428 1637 465 et

238 498 511 561 perduceret
547 515 759 560 guerram
798 498 1067 561 pratdictam
1106 514 1253 560 usque
1288 495 1347 542 ad
1380 505 1635 542 extremam

237 585 281 620 et
320 574 508 620 totalem
543 585 858 637 conquzcstam
902 574 1078 637 praefati
1118 573 1249 618 ducis
1289 573 1566 634 ssurgundiae
1591 581 1636 617 et

238 651 452 695 omnium
480 660 707 696 terrarum
729 668 920 696 suarum
946 660 1084 711 atque
1109 649 1448 694 dominiorum.

302 729 355 771 Et
380 743 570 789 prorsus
602 728 812 772 similiter
843 737 886 771 ct
913 725 1089 771 eisdem
1112 725 1264 770 verbis
1281 726 1481 787 juravit,
1508 735 1553 771 et
1577 725 1636 772 de

236 802 327 847 hcc
356 803 494 848 etiam
529 820 633 848 suas
665 813 874 867 patentes
907 811 951 848 et
981 802 1271 847 authenticas
1304 801 1478 847 litteras
1509 802 1638 848 dedit

238 879 531 938 Ludovicus,
560 884 847 926 Francorum
881 895 985 935 rex,
1031 879 1115 941 ipsi
1155 878 1376 924 Edoardo
1396 916 1406 936 ‚
1436 881 1637 943 principi

236 956 429 1002 Walliae.
460 960 559 1002 Hoc
583 967 739 1003 autem
763 957 901 1002 etiam
928 957 975 1000 in
998 955 1271 1016 hujusmodi
1296 955 1458 1001 litteris
1485 966 1529 1002 et
1553 957 1638 1003 soe-

235 1033 345 1079 dere
370 1034 589 1096 utrinque
612 1034 845 1096 adjectum
870 1042 984 1089 erat⁷
1010 1031 1141 1094 quod
1161 1031 1236 1076 ille
1261 1049 1316 1077 ex
1340 1033 1450 1095 ipsis
1473 1034 1636 1080 ambo-

235 1110 339 1168 bus,
368 1113 448 1174 qui
472 1112 530 1156 de
553 1128 635 1157 sua
661 1120 790 1175 parte
814 1127 894 1155 seu
920 1108 978 1154 de
1002 1126 1087 1154 suo
1112 1110 1254 1154 latere
1278 1109 1408 1172 prior
1431 1112 1638 1174 comple-

235 1197 302 1231 ret
334 1197 377 1232 et
408 1187 649 1250 perficeret
682 1187 856 1232 dictam
885 1194 1229 1247 conquaestam,
1257 1201 1355 1229 non
1386 1195 1636 1249 propterea

233 1262 484 1308 dimitteret
505 1264 719 1309 eamdem
745 1278 977 1325 guerram,
999 1261 1080 1307 sed
1105 1271 1341 1307 teneretur
1358 1278 1466 1307 cum
1487 1263 1637 1307 omni-

233 1339 321 1384 bus
353 1340 446 1384 suis
475 1340 621 1402 copiis
652 1340 717 1384 ire
750 1339 807 1384 ad
841 1339 983 1384 alium
1004 1339 1269 1401 juvandum
1299 1349 1438 1401 atque
1466 1339 1634 1385 subve—

234 1415 459 1460 niendum
486 1432 634 1478 usque
660 1415 718 1460 ad
744 1416 883 1461 totale
912 1415 1320 1478 complementum
1349 1415 1485 1461 dictae
1513 1433 1634 1462 con—

233 1502 430 1554 quaestae.

298 1569 393 1614 Sub
432 1569 606 1615 eisdem
646 1570 785 1615 etiam
822 1570 1126 1616 sacramentis
1159 1569 1466 1633 promittebat
1508 1570 1634 1617 idem

232 1645 478 1691 Edoardus
507 1646 654 1692 facere
682 1663 870 1709 prorsus
901 1663 1036 1710 posse
1064 1663 1228 1705 suum,
1256 1656 1301 1692 et
1327 1647 1558 1710 quidquid
1586 1649 1632 1693 in

231 1740 280 1768 se
301 1733 435 1782 esset,
461 1724 585 1786 apud
608 1724 861 1769 Henricum
884 1740 1058 1784 regem,
1087 1733 1269 1786 patrem
1294 1741 1449 1783 suum,
1478 1734 1635 1787 quate-

232 1815 320 1845 nus
351 1800 476 1845 idem
509 1817 609 1859 rex,
642 1800 825 1862 genitor
855 1817 988 1857 suus,
1025 1799 1234 1845 similiter
1266 1800 1522 1846 declararet
1556 1817 1629 1855 se,

232 1877 636 1938 quemadmodum
665 1887 710 1922 et
741 1878 861 1940 ipse,
893 1878 1121 1922 facturum
1153 1894 1369 1939 guerram
1398 1888 1628 1941 apertam,

233 1963 326 1999 tam
359 1971 442 2017 per
465 1971 512 2000 se
538 1971 680 2017 quam
706 1971 787 2017 per
813 1954 1060 2000 foederatos
1086 1964 1131 1999 et
1154 1954 1368 2000 subditos
1393 1971 1520 2013 suoS‚
1549 1955 1632 2002 ad-

234 2047 392 2075 versus
415 2031 637 2076 eumdem
662 2031 938 2092 Burgundiae
963 2030 1149 2076 ducem.

296 2108 643 2154 Subnectebant
666 2118 822 2153 autem
846 2108 1007 2153 litterae
1024 2109 1144 2169 regis
1160 2111 1449 2154 Francorum
1471 2107 1633 2171 hujus-

232 2186 416 2230 cemodi
451 2185 634 2231 foederis
660 2184 914 2248 copulandi
941 2201 1154 2242 causam,
1180 2201 1280 2246 quae
1312 2185 1466 2247 ipsum
1495 2184 1555 2230 ad
1589 2185 1634 2230 id

234 2261 497 2307 faciendum
528 2262 781 2307 induxisset
819 2280 827 2306 :
868 2261 1083 2307 videlicet
1120 2261 1250 2323 quod
1284 2261 1377 2306 dux
1413 2265 1634 2324 Burgun-

232 2337 333 2394 (liar,
358 2339 453 2399 jam
481 2338 559 2382 diu
585 2347 707 2394 erat,
735 2354 832 2382 sese
856 2337 1245 2383 confoederasset¹
1272 2354 1380 2382 cum
1408 2338 1634 2385 Edoardo

231 2413 286 2458 (le
320 2414 366 2458 la,
396 2414 625 2473 Marehess
654 2414 735 2476 qui
767 2424 932 2459 contra
973 2416 1123 2459 Deum
1162 2423 1207 2459 et
1241 2414 1470 2476 justitiam
1507 2416 1634 2461 nisus

234 2493 380 2537 suerat
412 2508 636 2554 usurpare
660 2508 855 2551 regnum
883 2491 1067 2553 Arigliae,
1095 2500 1141 2536 et
1164 2492 1447 2547 Henricum,
1476 2508 1634 2553 regem

286 2618 321 2654 1.
357 2617 620 2663 C(111f1'(l(7·ass(¹
638 2616 730 2653 dans
750 2617 783 2652 le
804 2629 872 2653 ms.

283 2676 318 2710 2.
354 2677 519 2710 Edunt-d
535 2677 580 2722 ns
597 2677 748 2712 fllarrlz.
774 2678 871 2713 C'est
894 2675 927 2712 le
952 2688 1041 2711 nom
1064 2675 1233 2725 qu'avait
1257 2675 1364 2725 porte
1385 2666 1565 2712 lssdouard
1588 2678 1635 2712 IV

231 2742 341 2769 avant
362 2733 479 2769 d'ctre
501 2737 571 2771 roi.
