1923 3020
282 267 355 304 139.
644 261 982 298 HISTORIARUM
1011 261 1244 297 LUDOVICI
1271 262 1326 296 XI

281 353 572 399 madvertere
598 349 916 411 permisisset)
947 358 1104 394 custos
1139 357 1183 392 et
1220 355 1478 410 protector,
1504 345 1680 408 absque

277 430 435 492 aliquo
472 442 639 471 eorum
669 435 859 489 sumptu
897 425 969 471 vel
996 424 1295 487 gravamine,
1336 422 1431 468 dux
1467 426 1681 484 Burgun-

276 506 476 550 dionum
514 511 626 548 erat.
662 504 782 547 Cum
810 517 905 564 quo
937 502 975 546 si
1008 502 1056 546 in
1079 517 1194 564 pace
1218 515 1495 564 permanere
1521 499 1681 544 scivis-

275 591 409 638 sent,
452 579 608 625 nullus
629 615 641 635 ,
680 578 768 623 nisi
803 578 958 623 fractis
993 577 1091 639 ejus
1114 577 1321 641 primum
1344 576 1680 639 prostratisque

271 656 466 714 viribus,
497 655 578 718 qui
601 664 702 699 tum
726 654 944 718 princeps
968 654 1321 718 potentissimus
1342 662 1456 707 erat,
1483 652 1678 698 eosdem

269 735 318 780 in
341 732 467 778 dicta
484 748 568 777 sua
585 729 920 793 tranquillitate
941 740 986 776 et
1002 746 1118 794 pace
1134 728 1408 794 perturbare
1428 729 1672 792 potuisset.

274 814 418 856 Erant
448 809 576 856 enim
608 825 664 855 ex
697 808 830 853 omni
862 808 1005 854 ferme
1039 818 1171 871 parte
1206 807 1339 853 terris
1375 816 1420 852 et
1457 805 1678 852 dominiis

271 889 366 935 suis
386 886 712 950 circumsepti,
735 884 795 931 ad
813 902 988 948 eosque
1006 886 1079 930 vix
1100 884 1180 930 ulli
1199 884 1341 943 hosti,
1368 884 1455 930 nisi
1471 884 1678 947 primum

270 966 513 1030 irrupisset
559 965 682 1028 ipsas
735 962 1129 1025 Burgundionum
1177 971 1352 1021 terras,
1396 961 1677 1025 penetrandi

270 1043 465 1090 facultas
489 1058 588 1088 esse
611 1049 811 1104 poterat.
851 1039 1100 1085 lIabebant
1128 1048 1285 1084 autem
1317 1054 1430 1085 cum
1454 1042 1678 1100 Burgun—

270 1120 469 1166 dionum
509 1118 629 1164 duce
668 1116 845 1162 soedera
877 1116 976 1178 jam
1010 1116 1205 1176 antiqua
1231 1151 1242 1173 ,
1287 1116 1593 1161 sacramentis
1630 1125 1677 1162 et

272 1198 452 1259 magnis
493 1210 742 1259 poenarum
777 1191 1122 1254 adjectionibus
1157 1190 1411 1251 roborata;
1453 1208 1556 1255 quae
1605 1192 1677 1237 ni-

271 1274 418 1318 mium
439 1283 611 1318 temere
633 1281 677 1316 et
695 1268 893 1333 perfide,
915 1268 973 1314 de
987 1268 1162 1330 junctis
1181 1267 1467 1330 quibusdam
1484 1285 1676 1332 parum-

267 1367 359 1412 que
393 1348 498 1394 fidis
531 1344 926 1412 promissionibus
962 1344 1163 1403 confisi,
1200 1355 1426 1391 temerare
1460 1362 1678 1409 praesum-

267 1435 479 1489 pserunt.
497 1428 545 1470 ln
566 1435 709 1470 terras
723 1423 863 1485 igitur
877 1438 930 1468 ac
946 1421 1158 1468 subditos
1173 1422 1349 1485 praefati
1364 1421 1676 1486 potentissimi

270 1503 403 1549 ducis
427 1502 528 1565 (qui
563 1501 830 1547 nullatenus
865 1516 947 1545 eos
983 1500 1217 1563 impetens
1251 1515 1332 1544 seu
1380 1499 1673 1562 inquietans,

270 1590 511 1645 protector
528 1588 573 1624 et
591 1579 800 1642 clypeus,
828 1586 879 1622 ut
902 1576 1121 1635 diximus,
1149 1593 1242 1622 suae
1263 1577 1609 1640 tranquillitatis
1632 1586 1678 1622 et

269 1666 408 1703 tantae
432 1655 655 1701 libertatis
698 1654 836 1716 gratis
869 1662 916 1698 et
937 1653 1037 1699 sine
1062 1663 1253 1717 sumptu
1280 1653 1399 1716 erat)
1424 1653 1673 1714 irruentes,

269 1735 392 1798 ipsas
416 1734 522 1796 igne
548 1732 766 1794 ferroque
783 1729 1044 1776 vastabant.

335 1815 443 1857 Erat
472 1821 572 1857 tum
602 1809 845 1867 Brucellae,
881 1808 1140 1854 Brabantiae
1164 1808 1314 1854 nobili
1338 1807 1542 1872 oppido,
1578 1807 1678 1871 ipse

275 1889 461 1934 illustris
501 1887 746 1951 Philippus
793 1885 1190 1948 Burgundionum
1233 1885 1345 1932 dux.
1384 1885 1477 1941 Qui
1514 1884 1677 1930 videns

272 1965 488 2029 populari
511 1965 605 2010 hoc
629 1963 774 2010 modo
800 1973 946 2009 terras
971 1978 1077 2008 suas
1110 1979 1314 2025 suosque
1337 1961 1550 2007 subditos
1575 1976 1677 2023 gra-

272 2042 390 2087 viter
424 2042 591 2103 afiligi,
632 2041 789 2087 statim
822 2055 965 2102 quam
994 2040 1178 2102 potuit,
1219 2055 1275 2084 ex
1298 2037 1539 2083 nobilitate
1574 2053 1677 2101 quae

271 2117 458 2164 residua
481 2135 629 2182 prope
655 2134 703 2163 se
731 2117 930 2164 inveniri
953 2125 1139 2181 poterat
1158 2116 1290 2179 (nam
1314 2115 1434 2160 filius
1448 2130 1575 2172 suus,
1600 2131 1677 2160 co-

273 2212 372 2241 ntes
407 2195 466 2240 de
498 2196 758 2254 Clau-olot's,
799 2211 991 2240 omnem
1027 2210 1160 2257 paene
1192 2192 1487 2239 nobilitatem
1519 2201 1565 2237 et
1595 2192 1678 2237 mi-

271 2274 417 2320 litiam
452 2282 681 2318 terrarum
717 2273 861 2336 patris
897 2273 967 2317 sui
997 2288 1158 2317 secum
1186 2272 1233 2316 in
1258 2271 1501 2316 Franciam
1526 2279 1678 2315 traxe·

273 2350 394 2412 rat),
438 2365 631 2394 manum
669 2349 875 2410 aliquam
905 2349 1100 2394 adscivit
1127 2358 1268 2411 atque
1300 2347 1587 2409 aggregavit,
1627 2355 1678 2392 ut

272 2426 406 2472 dictis
445 2424 624 2470 stolidis
673 2434 813 2486 atque
856 2425 1090 2487 fidesi‘agis
1136 2422 1473 2470 Leodiensibus
1528 2422 1679 2468 obsis-

272 2512 418 2563 teret,
447 2517 707 2563 eorumque
741 2501 915 2545 sisteret
941 2501 1179 2547 incendia.
1208 2504 1323 2557 Quae
1350 2516 1544 2560 manus,
1572 2499 1679 2545 licet

270 2596 470 2626 numero
515 2578 625 2624 satis
677 2576 871 2637 exigua,
912 2578 1053 2622 armis
1100 2587 1257 2623 tamen
1298 2576 1561 2639 animisque
1603 2576 1678 2620 in-

267 2667 470 2714 structa,
509 2663 705 2700 conatus
737 2653 949 2716 ipsorum
989 2654 1321 2699 Leodiensium
1357 2670 1412 2699 ex
1442 2661 1572 2716 parte
1604 2667 1675 2696 re-

268 2734 432 2798 pressit
458 2768 471 2791 ,
522 2733 570 2778 in
627 2730 817 2793 suisque
863 2729 983 2791 agris
1035 2739 1079 2775 et
1126 2730 1246 2775 villis
1293 2728 1511 2774 incendia
1563 2727 1674 2773 mis-
