1923 3020
266 285 341 322 150
628 279 967 318 HISTORIARUM
994 278 1229 315 LUDOVICI
1257 278 1314 313 XI

731 475 1071 520 CAPITULUM
1105 475 1204 518 XII.

330 608 523 654 Quomodo
540 617 713 644 tentatum
729 608 794 643 fuit
810 607 941 641 ducum
958 607 1186 642 Normanniae
1201 616 1234 642 et
1249 608 1435 642 Britanniae
1452 607 1605 642 reconci-

802 661 982 696 liationem
1009 661 1134 696 facere.

328 787 421 829 Rex
452 792 613 828 autem
646 782 747 845 (qui
779 798 878 828 non
912 780 975 828 ad
1009 780 1137 827 aliud
1174 779 1416 839 inhiabat,
1460 789 1506 826 et
1541 779 1675 842 cujus

263 861 419 907 omnis
443 860 631 906 animus
663 859 724 905 ad
754 859 870 905 tales
900 858 1115 904 ferendas
1140 857 1214 903 vel
1241 856 1471 904 fovendas
1496 855 1676 902 dissen-

261 940 420 985 siones
442 937 741 995 intendebat,
771 945 823 982 ut
845 935 905 982 ad
935 935 1052 982 fines
1077 952 1103 981 a
1128 951 1176 980 se
1208 936 1394 998 cupitos
1419 934 1676 997 aliquando

262 1016 510 1080 pervenire
550 1014 748 1078 posset),
785 1012 866 1060 tali
898 1013 959 1059 ad
987 1029 1037 1058 se
1068 1028 1261 1057 rumore
1295 1011 1504 1075 perlato,
1536 1011 1678 1058 vehe-

266 1103 449 1139 menter
484 1101 553 1138 est
587 1091 800 1154 gavisus,
839 1090 986 1153 ipsius
1021 1089 1272 1135 Britanniae
1306 1088 1440 1135 ducis
1478 1105 1587 1151 erga
1628 1106 1678 1136 se

265 1168 699 1217 reconciliationem
731 1166 941 1212 laetanter
971 1167 1232 1229 suscipiens
1249 1202 1260 1224 ,
1302 1175 1347 1211 et
1370 1164 1570 1212 libenter
1596 1166 1678 1212 ad-

268 1242 456 1287 mittens
483 1249 624 1302 atque
655 1254 896 1295 annuens3
936 1237 1177 1300 ipsiusque
1218 1237 1495 1284 satellitibus
1525 1249 1678 1284 custo-

266 1318 368 1364 dias
387 1317 627 1362 civitatum
659 1323 706 1360 et
736 1313 1028 1377 oppidorum
1053 1313 1244 1376 majoris
1269 1313 1413 1377 partis
1433 1316 1678 1360 Norman—

267 1395 380 1451 niae,
407 1410 525 1456 quas
550 1392 746 1437 nomine
771 1390 956 1436 domini
989 1390 1173 1450 Caroli,
1200 1391 1501 1437 Normanniae
1523 1391 1674 1450 ducis,

268 1479 573 1534 receperant,
618 1469 944 1533 plurimosque
985 1466 1196 1512 honores
1237 1467 1286 1512 in
1328 1468 1572 1531 provincia
1614 1469 1679 1513 eis

269 1550 538 1599 concedens
564 1560 609 1595 et
635 1548 844 1604 tradens,
881 1547 941 1593 ad
966 1565 1051 1594 sua
1074 1548 1309 1612 stipendia
1329 1548 1549 1594 trecentis
1577 1548 1680 1594 lan-

269 1628 362 1675 ceis
383 1644 440 1673 ex
463 1627 629 1672 militia
661 1625 795 1671 ducis
826 1625 1100 1680 Britanniae,
1128 1642 1215 1688 pro
1249 1625 1492 1689 przesidio‚
1530 1626 1576 1670 in
1609 1625 1679 1671 di-

271 1704 415 1750 versis
435 1703 552 1749 locis
571 1701 872 1748 Normanniae
890 1700 1134 1747 collocatis
1154 1711 1199 1747 et
1223 1700 1501 1747 distributis.

337 1786 386 1827 [n
405 1781 611 1827 crastino
632 1789 792 1826 autem
816 1780 1054 1841 ingressus
1072 1778 1206 1824 ducis
1230 1779 1277 1824 in
1297 1779 1647 1841 Rothoinagurn
1664 1816 1675 1838 ‚

268 1865 596 1903 convenerunt
625 1856 724 1918 ipse
748 1854 973 1900 dominus
995 1853 1191 1899 Carolus
1214 1864 1260 1899 et
1285 1854 1533 1899 Britanniae
1552 1853 1645 1899 dux
1665 1890 1676 1910 ‚

271 1937 318 1981 in
352 1934 464 1981 villa
499 1950 602 1997 quae
639 1942 837 1978 vocatur
871 1934 1039 1977 Portus
1073 1930 1509 1991 Sancti-Audoeni¹‚
1537 1946 1679 1993 supra

271 2013 421 2075 ripam
440 2014 692 2074 Sequanae,
721 2026 871 2074 prope
894 2007 1308 2066 Pontem-Archae‚
1331 2005 1611 2053 instantibus
1634 2016 1680 2052 et

270 2086 663 2151 prosequentibus
687 2085 903 2149 plurimis
932 2084 1208 2148 proceribus
1232 2084 1530 2131 Normanniae
1553 2093 1599 2129 et
1630 2083 1680 2129 il-

269 2163 401 2209 lustri
418 2164 592 2209 comite
613 2163 857 2222 Dunensi,
884 2162 965 2225 qui
989 2162 1098 2207 satis
1122 2161 1383 2208 luculenter
1406 2160 1678 2207 intuebatur

270 2241 457 2286 ruinam
478 2240 611 2285 ducis
631 2239 934 2285 Normanniae
948 2277 958 2297 ,
987 2239 1063 2284 cui
1082 2238 1280 2284 ducatus
1298 2239 1462 2284 firmus
1479 2239 1678 2284 nullate-

270 2336 358 2364 nus
379 2335 479 2363 esse
502 2327 713 2380 poterat,
740 2317 851 2375 nisi,
877 2316 1264 2362 reconciliatione
1288 2316 1407 2362 facta
1427 2333 1534 2361 cum
1559 2316 1680 2363 duce

272 2395 543 2452 Britanniae,
577 2395 675 2456 ejus
705 2411 797 2457 ope
825 2404 869 2440 et
903 2393 1076 2440 auxilio
1102 2395 1258 2452 nixus,
1287 2411 1335 2440 se
1370 2403 1535 2439 contra
1559 2397 1678 2457 regis

268 2472 532 2538 potentiam
579 2473 719 2516 tutari
757 2481 801 2516 et
839 2471 1093 2517 defendere
1131 2482 1306 2536 posset.
1354 2475 1461 2518 Erat
1505 2488 1679 2536 nempe

269 2550 396 2596 velut
419 2548 562 2595 arbor
586 2547 769 2592 noviter
794 2557 925 2593 terrae
949 2548 1189 2608 mandata,
1220 2565 1340 2611 quae,
1366 2549 1584 2595 nondum
1603 2564 1676 2594 ra-

269 2627 453 2673 dicibus
470 2624 634 2671 defixis
651 2624 753 2669 solo
767 2623 993 2680 haerebat,
1017 2626 1099 2671 sed
1119 2626 1321 2674 convelli
1342 2626 1475 2673 facile
1494 2634 1677 2691 poterat

324 2767 336 2800 1
352 2795 359 2801 .
392 2762 757 2802 Port-Saint-Ouen.
