1923 3020
299 194 373 230 308
658 189 997 227 HISTORIARUM
1025 189 1260 225 LUDOVICI
1288 192 1345 225 XI

300 281 401 345 pari
426 280 536 325 odio
555 276 846 333 ferebantur,
874 275 962 321 alia
982 311 993 333 ‚
1021 285 1126 338 post
1156 275 1282 320 illam
1306 276 1531 339 primam,
1557 278 1695 342 longe

300 360 448 420 major
480 367 524 401 et
561 355 786 400 munitior
810 354 1073 416 conjuratio
1102 353 1334 399 nobilium
1360 364 1500 417 atque
1522 356 1695 401 civium

301 434 615 498 plurimorum
640 440 817 495 patrata
837 440 922 476 est.

361 510 453 566 Qui
487 518 737 572 postquam
767 517 974 553 mentem
1008 525 1143 554 suam
1184 509 1281 571 regi
1309 525 1393 555 suo
1430 512 1698 572 Aragonum

296 587 610 632 insinuassent
631 622 641 645 ‚
673 595 717 630 et
748 585 1112 649 promissionem
1136 601 1268 631 suam
1287 621 1298 643 ,
1325 587 1457 648 quod
1500 586 1559 632 ad
1584 603 1698 632 con-

297 663 476 709 dictum
501 662 626 709 diem
664 679 865 725 praesens
902 663 998 725 ipse
1028 679 1138 707 cum
1169 661 1297 708 bona
1328 680 1469 709 manu
1503 664 1695 721 afforet,

295 741 603 804 recepissent,
628 756 762 798 eum,
788 749 926 785 nocte
951 740 1043 786 diei
1066 740 1165 785 festi
1190 738 1530 803 purificationis
1552 741 1697 788 beatae

294 819 465 875 Mariae,
486 817 597 863 anni
616 833 969 863 M.cccc.Lxxn1.
996 833 1126 862 more
1143 833 1349 863 romanae
1366 819 1540 876 curiae¹7
1567 828 1696 882 pate—

295 895 423 941 factis
459 894 622 958 oppidi
654 895 743 957 ipsi
775 894 945 940 scilicet
983 894 1209 958 oppidani
1239 895 1386 957 portis
1407 932 1419 950 ,
1449 897 1612 942 armati
1649 896 1694 940 in

293 988 463 1034 magna
494 981 540 1016 et
561 987 813 1016 numerosa
836 970 1163 1029 multitudine,
1201 971 1573 1017 intromiserunt.
1611 973 1697 1017 Vi-

292 1050 457 1095 dentes
481 1058 638 1094 autem
660 1049 840 1107 Franci⁷
862 1048 942 1108 qui
966 1047 1057 1091 illic
1076 1048 1121 1091 in
1147 1048 1361 1110 praesidio
1385 1049 1525 1094 locati
1543 1059 1692 1109 erant,

293 1144 392 1172 rem
418 1127 480 1171 ita
505 1125 704 1181 confici,
730 1141 817 1170 nec
841 1141 887 1169 se
912 1122 1159 1169 sufficienti
1184 1140 1383 1169 numero
1413 1141 1510 1170 esse
1531 1162 1542 1184 ‚
1567 1126 1694 1187 quod

291 1213 429 1249 tantae
455 1203 629 1248 civium
655 1211 698 1247 et
717 1201 917 1246 aliorum
942 1209 1130 1245 armata·
1165 1199 1454 1245 multitudini
1479 1201 1694 1247 reluctari

291 1290 484 1344 possent
505 1318 515 1339 ,
545 1295 643 1324 sese
667 1279 714 1322 in
739 1293 894 1322 arcein
914 1314 925 1336 ,
948 1293 1091 1339 quam
1115 1276 1207 1322 illic
1230 1276 1543 1324 firmissimam
1567 1294 1697 1323 com-

293 1358 558 1403 munierant
595 1364 733 1417 atque
770 1355 1112 1412 instruxerant,
1149 1364 1444 1417 receperunt.
1483 1357 1697 1410 Quorum

291 1444 447 1480 autem
472 1434 599 1478 bona
632 1433 676 1477 in
703 1431 882 1495 oppido
908 1426 1067 1477 relicta
1093 1432 1279 1477 inventa
1304 1442 1430 1491 sunt,
1458 1448 1695 1496 occupan-

292 1510 416 1556 tibus
440 1510 485 1555 in
507 1509 713 1573 praedam
740 1517 997 1554 cesserunt.
1348 1498 1351 1500 s

356 1590 408 1632 Et
433 1588 495 1632 ita
521 1595 832 1649 spontaneam
863 1584 1156 1630 deditionem
1183 1585 1514 1648 hujuscemodi
1538 1587 1696 1634 nobile

290 1663 549 1728 oppidum,
598 1678 844 1708 exsecrans
883 1661 970 1708 sub
1021 1665 1310 1709 Francorum
1355 1664 1554 1728 imperio
1588 1682 1697 1712 con-

293 1743 452 1788 sistere
473 1777 484 1800 ,
514 1740 667 1787 taliter
693 1740 815 1786 fecit.

778 1935 1118 1980 CAPITULUM
1153 1935 1208 1979 V.

350 2062 399 2093 De
415 2061 598 2094 obsidione
617 2060 817 2107 Perpiniani
833 2073 896 2105 per
912 2060 1064 2092 Francos
1083 2068 1115 2093 et
1137 2060 1244 2105 ipsius
1262 2060 1452 2103 solutione,
1471 2061 1633 2106 pacisque

494 2113 778 2147 reconciliatione
795 2112 885 2145 inter
904 2124 997 2157 reges
1011 2112 1225 2145 Francorum
1245 2121 1276 2145 et
1293 2113 1488 2158 Aragoniae.

358 2235 425 2280 Ad
461 2234 625 2298 [quod]
644 2234 1020 2299 recuperandum
1041 2237 1332 2280 Francorum
1354 2252 1462 2293 rex,
1493 2234 1694 2298 proinde

291 2313 417 2375 gravi
454 2313 520 2357 ira
555 2322 693 2375 atque
734 2313 877 2358 animi
910 2311 1235 2373 indignatione
1268 2313 1314 2357 in
1349 2311 1617 2376 oppidanos
1652 2320 1696 2358 et

345 2431 380 2465 «1.
413 2427 572 2465 Suivant
599 2426 632 2462 lc
657 2434 811 2475 coniput
838 2425 999 2474 romain,
1023 2438 1091 2475 par
1112 2425 1326 2475 opposition
1350 2438 1398 2462 au
1419 2433 1573 2475 comput
1592 2425 1694 2462 fran-

289 2489 364 2538 cais
393 2488 544 2524 suivant
571 2486 717 2535 lequel,
739 2486 887 2522 l'anmsse
913 2494 1177 2534 commencant
1202 2487 1222 2521 ὸ
1248 2487 1415 2535 Priques,
1449 2484 1484 2521 la
1514 2484 1694 2521 Purifica-

286 2549 368 2585 tion
392 2547 483 2584 dont
501 2559 551 2582 on
572 2553 662 2582 veut
682 2544 807 2594 parler
827 2544 915 2580 ctait
929 2544 1022 2580 celle
1044 2544 1089 2580 de
1108 2547 1224 2582 1472.

340 2610 378 2643 9..
412 2606 440 2642 ll
468 2607 531 2654 n’y
554 2613 617 2642 eut
640 2603 836 2640 d’ouverte
866 2616 939 2651 que
966 2602 1000 2639 la
1033 2611 1142 2652 porte
1166 2603 1213 2640 de
1235 2605 1376 2652 Canet‚
1401 2602 1550 2652 d’apres
1574 2601 1608 2637 le
1631 2613 1692 2638 re-

288 2667 400 2717 gisti-e
424 2665 470 2701 de
493 2664 633 2713 l’cglise
656 2662 956 2709 Saint-Jacques‚
980 2661 1123 2697 traduit
1142 2675 1211 2710 par
1235 2665 1283 2698 M.
1309 2664 1454 2709 Henry,
1475 2660 1500 2696 1.
1525 2673 1557 2697 c.
