1923 3020
706 266 844 301 LIBER
874 266 1069 303 PRIMUS.
1535 265 1577 299 41

192 370 395 417 quorum
427 352 777 414 auctores‚jam
796 368 905 397 cum
931 351 1187 397 exercitum
1223 351 1401 412 regium
1435 366 1583 413 prope

192 430 372 475 adstare
395 429 454 474 ad
479 429 550 474 sui
568 429 887 474 defensionem
905 465 915 485 ,
942 427 1022 472 ubi
1042 427 1289 489 ingruisset
1311 426 1580 483 necessitas,

193 506 541 567 conspicerent,
569 522 615 549 se
639 504 1004 567 apprehendisse
1022 513 1067 548 et
1089 504 1134 548 in
1162 519 1395 548 carcerem
1417 512 1462 548 et
1486 502 1585 547 vin-

192 582 296 627 cula
331 580 582 641 conjecisse
617 580 850 626 dicebant.
887 579 1128 642 Supplices
1166 579 1304 640 igitur
1338 579 1509 624 civitati
1542 589 1587 623 et

194 656 372 703 civibus
391 657 562 716 regiam
587 656 902 718 deposcebant
925 656 1246 715 clementiam,
1277 656 1457 701 vinctos
1477 672 1588 719 prae-

193 733 342 779 dictos
365 733 411 777 in
436 749 579 778 manu
596 733 770 779 ducum
792 732 972 778 tradere
998 742 1042 778 et
1059 732 1260 778 liberum
1281 733 1325 777 in
1355 733 1588 779 civitatem

192 810 451 871 ingressum
476 810 741 872 permittere
765 809 1028 854 offerentes.

256 885 359 939 Qua
400 884 693 946 providentia
731 894 870 947 atque
906 884 1130 946 sapientia
1176 883 1414 927 civitatem
1455 896 1587 926 suam

193 961 367 1006 salvam
405 971 703 1007 servaverunt
735 978 744 1007 ε
779 961 852 1006 cui
891 959 1100 1023 profecto
1133 957 1244 1004 alias
1276 957 1589 1020 periculosum

194 1036 465 1082 imminebat
485 1038 694 1082 exitium.
721 1037 914 1099 ingressi
935 1052 1044 1080 vero
1062 1051 1171 1080 cum
1192 1035 1394 1078 exercitu
1421 1035 1563 1078 duces
1577 1068 1587 1087 ,

194 1129 278 1175 per
316 1113 414 1158 dies
451 1113 627 1174 aliquot
666 1114 710 1157 in
746 1112 908 1158 eadem
943 1111 1059 1156 urbe
1103 1110 1323 1155 remorati
1361 1118 1490 1166 sunt,
1533 1107 1591 1152 de

195 1189 352 1233 multis
387 1190 548 1233 vinctis
587 1205 640 1234 ac
672 1189 998 1252 deprehensis,
1028 1197 1122 1232 tam
1157 1186 1266 1231 viris
1303 1201 1446 1248 quam
1480 1201 1591 1229 mu-

195 1265 410 1323 lieribus,
436 1265 659 1327 supplicia
680 1275 931 1309 sumentes.
957 1264 1114 1308 Plures
1130 1262 1255 1307 enim
1276 1262 1427 1324 capite
1445 1261 1588 1324 plexi,

196 1343 351 1405 plures
395 1342 611 1404 patibulis
657 1341 832 1399 suffixi,
876 1341 1033 1404 plures
1080 1338 1332 1402 amputatis
1377 1337 1593 1383 manibus

196 1417 545 1475 debilitati3-alii
569 1434 705 1472 vero,
735 1418 962 1480 ademptis
985 1416 1146 1471 bonis,
1175 1415 1218 1459 in
1247 1413 1458 1459 exsilium
1479 1414 1591 1460 trusi

196 1496 398 1540 fuerunt.
430 1497 480 1538 Et
520 1494 656 1540 talem
676 1532 686 1552 ,
718 1495 962 1539 occasione
992 1493 1222 1554 regiarum
1246 1491 1589 1554 sponsionum,

196 1571 270 1616 illa
306 1570 476 1615 nobilis
510 1572 760 1615 Remorum
793 1570 951 1615 civitas
980 1569 1174 1630 gratiam
1205 1578 1318 1613 tunc
1351 1577 1490 1628 atque
1519 1568 1595 1611 tri-

196 1646 417 1691 butorum
440 1647 760 1691 remissionem
788 1645 983 1690 offendit
999 1648 1025 1688 ¹.

260 1728 360 1769 Non
382 1724 639 1769 absimilem
666 1740 774 1768 vero
798 1740 982 1780 casum,
1011 1723 1224 1785 quamvis
1241 1721 1484 1783 aliquanto
1510 1722 1594 1765 mi-

197 1803 363 1846 tiorem
381 1837 391 1857 ,
424 1801 587 1846 eadem
606 1801 703 1863 pari
729 1801 973 1846 occasione
998 1800 1232 1860 regiarum
1252 1797 1562 1860 sponsionum
1581 1833 1591 1848 ,

196 1878 335 1922 etiam
361 1876 716 1937 Andegavorum
744 1875 913 1937 inclyta
937 1875 1098 1920 civitas
1122 1874 1299 1918 invenit
1317 1876 1344 1916 ².

261 1953 440 2009 Quibus
474 1953 535 1997 ita
559 1952 770 1997 coercitis
803 1962 846 1997 et
878 1951 1104 2007 subactis,
1133 1959 1305 1995 caeterae
1339 1948 1595 1993 Galliarum

199 2031 334 2076 urbes
361 2040 405 2075 et.
426 2030 674 2093 provinciae
695 2028 951 2074 infortunio
978 2044 1139 2074 earum
1159 2026 1384 2072 exterritae
1409 2025 1596 2070 fuerunt

251 2151 287 2187 1.
319 2149 423 2193 Voir,
446 2162 542 2198 pour
560 2151 593 2184 le
616 2147 868 2197 complement
888 2146 933 2183 de
954 2154 1048 2183 cette
1072 2145 1232 2182 sedition
1254 2144 1345 2181 dont
1371 2144 1394 2180 il
1417 2147 1513 2180 n'est
1533 2156 1598 2193 pas

197 2207 262 2244 fait
282 2208 447 2244 mention
468 2208 559 2243 dans
581 2207 632 2243 les
650 2206 877 2254 clironiques
898 2205 946 2241 du
971 2213 1110 2254 temps,
1134 2204 1186 2240 les
1202 2205 1375 2239 Arclzives
1394 2204 1441 2238 cle
1460 2206 1595 2248 Remis,

198 2266 366 2316 publices
395 2280 463 2317 par
490 2269 538 2304 M.
574 2267 685 2302 Varin
705 2297 712 2311 ‚
739 2268 898 2305 Statum,
930 2272 952 2301 t.
986 2266 1021 2309 Ι,
1049 2277 1085 2313 p.
1121 2265 1218 2308 762,
1243 2271 1278 2299 et
1308 2262 1361 2298 les
1393 2261 1521 2298 lettres
1553 2260 1600 2297 de

199 2326 393 2363 remission
426 2325 625 2362 accordees
660 2337 727 2374 par
757 2324 790 2359 le
828 2323 901 2367 roi,
934 2336 979 2359 en
1008 2321 1207 2358 decembre
1240 2323 1363 2365 1461,
1395 2321 1515 2370 parmi
1548 2321 1599 2355 tes

200 2387 460 2423 Ordotmamftzs·
479 2387 542 2420 cles
566 2389 639 2419 mis
660 2386 705 2419 cle
731 2386 893 2429 France,
914 2391 939 2419 t.
963 2384 1045 2425 XV,
1074 2395 1110 2431 p.
1138 2382 1228 2416 297.

251 2445 287 2480 2.
322 2447 371 2481 M.
395 2444 484 2480 Paul
508 2443 733 2493 Mai'cliegay
751 2456 771 2478 a
787 2441 954 2478 recueilli
972 2439 1064 2476 dans
1079 2440 1114 2476 la
1130 2442 1247 2474 Reme
1259 2441 1304 2473 cle
1325 2441 1474 2484 l'Anjou
1488 2440 1529 2483 (t.
1548 2439 1596 2481 Il,

199 2518 235 2554 p.
261 2503 369 2550 268),
393 2502 426 2538 le
449 2516 521 2551 peu
544 2502 589 2538 de
610 2500 929 2550 renseignemcnts
950 2499 1085 2535 locaux
1105 2497 1170 2547 qui
1190 2510 1286 2533 nous
1307 2505 1390 2533 sont
1410 2507 1599 2546 parvenus

199 2576 262 2599 sur
285 2570 379 2598 cette
405 2561 592 2607 sedition,
624 2560 781 2611 appelec
810 2573 877 2610 par
907 2559 960 2595 les
990 2557 1295 2607 contemporains
1323 2560 1359 2591 la
1388 2556 1597 2591 Tricoterie.

197 2622 357 2659 Thomas
385 2621 492 2657 Rasin
521 2629 573 2656 est
600 2620 633 2656 le
662 2620 739 2656 seul
767 2618 947 2656 liistorien
969 2618 1020 2654 du
1042 2624 1104 2653 xvc
1124 2616 1236 2653 siecle
1255 2615 1319 2664 qui
1342 2627 1386 2651 en
1409 2613 1457 2649 ait
1480 2610 1599 2661 parle.

198 2680 353 2717 Joindre
384 2679 436 2715 les
466 2679 591 2714 lettres
619 2677 837 2714 d'abolition
864 2676 1064 2714 accordees
1090 2689 1135 2712 en
1164 2672 1365 2711 decembre
1384 2672 1500 2716 1461,
1529 2672 1602 2706 Or-

200 2741 408 2774 dommnces
425 2739 489 2773 des
509 2743 580 2773 r01‘s
599 2741 645 2773 de
666 2741 817 2781 France,
845 2746 870 2775 t.
893 2739 977 2783 XV,
1000 2750 1038 2786 p.
1062 2737 1151 2771 298.
