1923 3020
704 202 848 237 LIBER
883 201 1118 247 QUARTUS.
1541 201 1613 237 307

218 289 300 336 diu
325 307 378 336 ea
411 307 482 336 res
511 297 838 345 attentaretur,
868 289 1120 335 multitudo
1155 287 1484 350 hujuscemodi
1521 287 1612 332 fac·
1647 344 1655 351 .

220 369 357 414 tionis
370 371 548 429 ignara,
566 377 743 413 terrore
759 375 1013 426 commota,
1030 367 1152 411 illico
1170 366 1383 429 prorupit
1398 365 1445 409 in
1463 380 1611 424 arma,

220 459 262 494 et
286 449 345 494 ad
369 447 565 492 tuendas
590 457 749 509 portas
772 456 816 492 et
840 448 1013 492 moenia
1039 463 1147 492 cum
1171 446 1348 508 ingenti
1368 460 1616 490 accurrens

220 525 406 570 fremitu
422 557 432 577 ‚
460 524 635 585 expulit
667 533 711 568 et
736 522 998 568 inefficaces
1023 523 1151 568 abire
1175 523 1350 584 coegit3
1379 531 1423 566 et
1445 522 1505 567 ita
1530 537 1617 584 pro

220 617 272 646 ea
296 600 394 644 vice
415 608 649 644 servatum
677 598 758 643 fuit
783 598 1015 661 oppidum
1039 600 1134 660 regi
1161 600 1487 643 Francorum¹.

282 677 385 730 Quo
420 674 574 729 factO,
613 690 723 718 cum
759 673 819 718 de
860 675 1145 735 conjuratis,
1182 690 1237 718 ex
1275 672 1621 736 suspicionibus

218 748 474 806 nonnullis,
496 748 738 809 inquisitio
758 747 923 792 haberi
945 748 1247 810 coepisset,ad
1270 747 1500 809 quosdam
1520 764 1624 811 pro-

217 822 451 869 habilibus
473 821 778 883 conjecturis²
799 820 1054 866 deventum
1078 831 1161 878 est,
1183 821 1281 882 qui,
1301 837 1407 866 cum
1428 822 1474 866 in
1495 822 1598 883 jure
1613 823 1626 844 ⁸

217 899 417 945 confessi
445 898 638 943 sulssent
662 896 734 943 vel
759 907 1001 953 auctores,
1030 896 1104 941 vel
1128 898 1383 959 complices
1408 898 1625 959 conjura-

219 976 358 1021 tionis
382 976 624 1033 exstitisse,
652 974 711 1020 de
735 974 806 1019 his
829 984 1055 1036 tanquam
1082 973 1140 1018 de
1164 974 1253 1019 reis
1278 975 1391 1019 laesae
1415 975 1626 1036 majesta-

220 1054 275 1097 tis
311 1053 596 1116 supplicium
625 1060 864 1114 sumptum
884 1053 896 1074 ⁴
927 1051 1028 1095 fuit.
1057 1053 1183 1096 Inter
1218 1067 1337 1113 quos
1375 1061 1471 1096 erat
1507 1068 1626 1096 unus

219 1133 479 1195 praecipuus
497 1132 661 1195 oppidi
686 1131 851 1177 consul
875 1147 962 1193 pro
986 1129 1066 1176 illo
1091 1146 1236 1176 anno.
1261 1133 1348 1176 Per
1369 1130 1523 1192 fugam
1545 1147 1627 1176 au-

220 1219 314 1255 tem
345 1210 561 1272 praefatus
585 1210 809 1254 dominus
832 1207 1097 1253 Bernardus
1118 1245 1129 1267 ,
1169 1207 1327 1265 miles,
1365 1224 1473 1252 cum
1503 1225 1629 1253 non-

220 1287 358 1333 nullis
378 1286 719 1349 complicibus,
749 1295 932 1331 mature
955 1321 966 1342 ,
1002 1284 1133 1346 quod
1157 1301 1278 1347 opus
1301 1284 1340 1330 ei
1374 1283 1486 1342 fuit,
1515 1301 1627 1329 con-

219 1363 374 1408 suluit.
411 1363 501 1408 Sed
531 1363 725 1408 minime
757 1361 1108 1424 quiescentibus
1140 1360 1432 1423 reliquorum
1464 1361 1630 1405 animis

220 1441 321 1503 (qui
342 1441 459 1485 forte
485 1440 572 1486 sibi
596 1440 773 1485 conscii
802 1449 937 1485 erant
958 1438 1291 1502 hujuscemodi
1313 1439 1628 1501 conjurationi

219 1533 457 1562 assensum
505 1517 799 1580 praestitisse,
839 1526 915 1572 et,
954 1525 1148 1579 propter
1179 1515 1274 1560 hoc
1308 1525 1436 1560 metu
1472 1515 1625 1572 anxii,

220 1610 316 1639 non
337 1593 462 1639 aliud
485 1593 766 1639 affectabant
788 1610 875 1638 nec
897 1593 1103 1654 cogitare
1123 1602 1343 1655 poterant
1365 1629 1375 1649 ,
1404 1591 1492 1637 nisi
1516 1608 1630 1654 qua-

220 1671 344 1728 liter,
371 1670 552 1716 sublato
579 1671 658 1716 tali
688 1680 817 1715 metu
842 1670 1017 1733 poenali
1053 1679 1194 1732 atque
1224 1669 1360 1714 valde
1385 1669 1629 1714 anxietatis

221 1756 266 1792 et
289 1746 552 1791 formidinis
575 1746 740 1809 pleno,
771 1746 1006 1791 securitati
1034 1756 1076 1791 et
1103 1746 1249 1807 quieti
1275 1745 1624 1805 redderentur),

221 1823 533 1886 plurimorum
558 1822 725 1880 etiam,
752 1822 855 1884 qui,
884 1823 967 1867 etsi
983 1821 1116 1866 dictae
1148 1822 1314 1884 prioris
1339 1821 1627 1882 conjuratio-

221 1900 293 1945 nis
317 1900 493 1945 conscii
527 1899 722 1944 minime
750 1898 960 1955 fuerant,
999 1907 1156 1943 tamen
1191 1897 1249 1941 de
1274 1897 1549 1959 punitorum
1583 1906 1628 1942 et

221 1976 594 2040 proscriptorum
624 1975 776 2038 poenis
811 1975 1054 2032 dolentes,
1083 1974 1163 2036 qui
1193 1974 1258 2018 eis
1284 1973 1354 2019 vel
1391 1974 1627 2035 sanguinis

222 2052 565 2099 necessitudine
598 2053 841 2114 conjuncti
875 2068 973 2097 esse
1014 2060 1255 2114 poterant,
1304 2061 1349 2096 et
1376 2051 1436 2097 ad
1472 2068 1627 2113 regem

223 2145 360 2174 suum
390 2133 657 2192 Aragonum
698 2128 900 2174 naturali
937 2144 1099 2172 amore
1122 2164 1132 2184 ,
1179 2127 1237 2172 ad
1277 2130 1478 2173 Francos
1513 2145 1626 2173 vero

277 2322 312 2355 1.
346 2321 449 2357 Cette
471 2318 652 2356 tentative
674 2326 729 2355 est
754 2317 998 2354 mentionnc'te
1027 2317 1120 2354 dans
1147 2329 1199 2354 un
1226 2317 1386 2367 registre
1410 2317 1457 2355 de
1485 2318 1630 2369 l'eglise

223 2378 513 2427 Saint-Jacques
540 2377 586 2413 de
612 2377 826 2427 Perpignan
844 2407 853 2423 ,
876 2378 895 2412 a
920 2375 954 2412 la
973 2375 1057 2412 date
1075 2376 1125 2412 du
1147 2378 1197 2413 ⁶25
1214 2376 1366 2423 janvier
1389 2379 1505 2414 1473.
1532 2380 1627 2427 Rap-

223 2445 310 2488 port
332 2437 378 2474 de
400 2439 451 2473 M.
485 2439 617 2485 Henry
642 2449 708 2472 sur
737 2436 790 2471 les
821 2434 994 2472 archives
1025 2434 1072 2470 de
1098 2435 1336 2486 Perpignan,
1357 2435 1450 2472 dans
1481 2435 1534 2472 les
1558 2439 1632 2472 Do-

223 2506 393 2536 cuments
413 2496 565 2542 inedits,
589 2498 799 2544 manages,
822 2504 849 2532 t.
874 2497 905 2540 I,
929 2508 966 2544 p.
988 2495 1078 2530 405.

277 2559 316 2596 2.
348 2560 449 2593 Dans
468 2556 503 2592 le
524 2569 613 2601 ms„
634 2557 688 2590 acl
704 2555 885 2603 quasdam
902 2552 1113 2601 probabiles
1135 2558 1377 2600 conjecturas.

277 2622 313 2657 3.
349 2621 424 2667 Qui
443 2623 480 2654 in
502 2632 582 2654 eum
595 2619 678 2665 juri
701 2616 792 2654 dans
811 2616 845 2653 le
869 2629 939 2652 ms.

278 2685 315 2721 4.
346 2684 575 2730 Supplicium
593 2689 804 2728 superatum
825 2678 918 2715 dans
934 2678 970 2715 le
991 2690 1063 2714 ms.
