1923 3020
774 287 917 322 LIBER
945 287 1139 322 PRIMUS.
1637 289 1658 323 3

261 371 414 417 rolum
439 373 655 431 nornine,
682 389 832 418 annos
856 383 966 419 tunc
989 373 1111 418 circa
1134 372 1368 417 sexdecim
1398 382 1612 434 agentem
1629 376 1658 430 ¹,

262 448 451 512 optimae
477 448 645 494 indolis
673 448 927 512 probisque
957 449 1170 494 moribus
1198 448 1430 494 imbutum
1465 459 1509 495 et
1540 449 1662 495 edu-

260 533 434 583 catum,
459 542 597 587 quem
622 536 752 589 pater
776 525 1102 571 charissimum
1127 525 1352 571 babuerat
1373 563 1382 583 ,
1409 535 1453 570 et
1476 526 1663 571 alterius

262 601 360 659 filii,
389 602 528 664 hujus
554 604 768 650 videlicet
793 604 1035 661 Ludovici,
1064 604 1270 650 irritatus
1294 603 1505 650 moribus
1526 614 1666 667 atque

260 680 512 741 pertaes'us,
553 697 661 725 eum
701 682 829 743 regui
865 681 1101 726 haeredem
1133 691 1273 743 atque
1314 698 1665 739 successorem,

263 753 555 800 exhaeredato
577 756 835 814 Ludovico,
864 767 915 802 ut
941 756 1061 802 fama
1086 767 1199 816 erat,
1230 757 1380 803 facere
1400 758 1665 819 cogitarat'.

264 830 399 876 Unde
425 831 681 878 formidans
707 833 802 895 ipse
829 833 1091 878 Ludovicus
1114 849 1173 878 ne
1198 850 1416 896 proceres
1438 834 1594 895 regni,
1623 850 1670 879 se

262 908 463 970 rejecto,
506 911 553 955 in
588 927 746 972 regem
776 910 1028 955 sublimare
1063 926 1172 954 eum
1210 910 1409 968 vellent,
1448 910 1672 973 cogitavit

263 985 470 1048 primum
495 986 599 1032 forti
627 1004 766 1033 manu
792 998 836 1032 et
859 1004 966 1033 cum
986 985 1137 1031 valida
1161 986 1460 1050 expeditione
1485 1003 1673 1033 necesse

260 1061 437 1108 habere
462 1074 715 1127 paternum
740 1064 919 1126 ingredi
938 1080 1153 1126 regnum.

330 1140 395 1186 Ad
428 1141 557 1204 quod
584 1142 804 1205 praefatus
834 1141 1224 1204 Burgundionum
1249 1139 1372 1200 dux,
1418 1142 1499 1204 qui
1539 1143 1671 1187 omni

263 1216 570 1263 humanitatis
594 1229 638 1263 et
662 1217 985 1264 beneficentia)
1006 1217 1163 1262 officio
1185 1233 1371 1280 semper
1389 1234 1500 1262 eum
1526 1217 1675 1264 suerat

264 1303 564 1356 prosecutus,
597 1294 750 1340 libens
782 1303 825 1339 et
850 1303 1139 1358 spontaneus
1169 1310 1216 1338 se
1241 1309 1294 1338 ac
1322 1294 1466 1338 totius
1491 1294 1675 1358 imperii

264 1381 586 1436 terrarumque
616 1390 807 1419 suarum
837 1373 956 1418 vires
987 1371 1185 1430 obtulit,
1226 1371 1428 1433 fecitque
1451 1371 1675 1418 mandata

263 1466 347 1512 per
371 1467 534 1496 omnes
560 1460 704 1496 terras
730 1467 850 1506 suas,
880 1458 1110 1512 quatenus
1136 1458 1234 1493 tota
1256 1447 1478 1494 nobilitas
1501 1449 1673 1495 eaeteri-

264 1542 356 1588 que
382 1527 583 1572 universi
607 1528 687 1589 qui
712 1527 758 1571 in
789 1525 1068 1571 militaribus
1095 1525 1475 1588 expeditionibus
1505 1526 1600 1571 suis
1629 1526 1672 1571 ei

265 1603 438 1648 servire
472 1613 844 1661 consueverant,
892 1603 1042 1666 parati
1084 1602 1384 1666 expeditique
1420 1602 1665 1662 adessent,

265 1696 423 1726 secum
460 1682 717 1744 profecturi
752 1681 811 1726 ad
852 1697 1031 1726 novum
1067 1696 1225 1742 regem
1262 1680 1587 1726 inducendum
1621 1681 1668 1726 in

265 1759 393 1818 regni
431 1760 613 1822 paterni
647 1759 1006 1822 possessionem.
1052 1761 1106 1803 Et
1146 1774 1312 1803 omnes
1346 1758 1539 1820 quidem
1575 1757 1669 1803 ala-

263 1837 402 1881 criter
426 1853 473 1882 se
498 1836 787 1900 adparabant
808 1873 818 1893 ,
855 1845 905 1881 ut
928 1846 972 1882 et
997 1835 1222 1899 principis
1247 1836 1317 1880 sui
1344 1835 1507 1898 optimi
1529 1850 1667 1898 pare-

263 1923 368 1958 rent
403 1913 637 1975 jussibus,
681 1924 725 1959 et
765 1914 878 1958 novi
918 1913 1037 1974 regis
1080 1913 1273 1974 gratiam
1321 1929 1369 1957 se
1406 1912 1667 1975 promereri

264 1990 593 2049 ostenderent3
634 2000 677 2035 ct
703 1990 889 2052 utique,
923 1990 960 2035 si
984 2006 1282 2053 progressum
1306 1989 1556 2048 mandata,
1601 1989 1666 2034 uti

265 2078 594 2124 manaverant,
635 2067 939 2125 habuissent,
981 2076 1164 2130 poterat
1202 2067 1357 2111 statim
1388 2066 1513 2112 idem
1557 2069 1667 2111 Bur-

265 2145 560 2206 gundionum
588 2144 682 2190 dux
720 2143 938 2204 colligere
974 2144 1183 2187 virorum
1220 2143 1406 2205 triginta
1443 2141 1586 2188 millia
1621 2152 1665 2188 et

265 2221 484 2285 amplius.

317 2414 354 2449 1.
386 2414 436 2448 Ce
458 2412 586 2461 prince
607 2410 695 2447 etait
713 2409 760 2445 ne
782 2408 816 2444 le
838 2410 885 2444 28
907 2406 1106 2443 decembre
1125 2408 1240 2442 1446.

317 2470 354 2505 2.
386 2470 513 2517 (Inrita
536 2468 716 2505 contirme
735 2480 777 2503 ce
803 2467 869 2503 fait
893 2479 940 2503 en
966 2479 989 2513 y
1012 2465 1180 2511 ajoutant
1203 2479 1253 2501 un
1280 2464 1584 2516 renseignement
1605 2480 1670 2502 cu—

264 2528 373 2564 rieux
391 2542 397 2563 :
425 2545 440 2560 «
470 2528 510 2565 121
530 2540 570 2563 re
587 2527 632 2563 de
651 2525 873 2564 Francia....
897 2522 1060 2575 procuro
1083 2524 1249 2574 privarle
1268 2525 1387 2571 (Luis)
1404 2525 1501 2562 dela
1521 2537 1670 2562 succes-

263 2587 343 2623 sion
375 2587 435 2623 del
469 2600 606 2636 reyno,
639 2600 661 2635 y
692 2599 765 2635 que
796 2585 915 2621 suesse
941 2584 1133 2621 coronado
1160 2598 1229 2634 por
1254 2598 1320 2634 rey
1346 2584 1495 2630 Carlos,
1527 2598 1568 2620 su
1592 2583 1670 2630 bijo

264 2644 467 2696 segundo..
498 2673 504 2679 .
536 2657 559 2693 y
589 2643 673 2679 hizo
704 2656 774 2693 por
798 2643 871 2680 ello
900 2643 990 2680 todo
1021 2657 1064 2680 su
1092 2643 1233 2694 poder3
1255 2657 1347 2693 pero
1368 2657 1418 2679 no
1439 2640 1500 2679 dio
1520 2642 1629 2693 lugat·
1649 2656 1670 2679 a

265 2703 313 2740 tal
345 2715 431 2739 cosa
461 2702 493 2739 el
522 2704 624 2752 Papa
653 2702 741 2748 Pio,
771 2715 843 2739 con
869 2702 982 2752 quien
1009 2715 1048 2739 se
1076 2700 1172 2739 trato
1196 2715 1287 2751 muy
1313 2700 1626 2738 estrechamente.
1653 2719 1665 2733 ιι

266 2765 403 2799 Anales
427 2763 472 2797 de
498 2764 535 2797 la
557 2775 689 2797 corona
709 2763 756 2797 (le
781 2764 945 2811 Aragon,
971 2761 996 2798 1.
1019 2764 1148 2807 XVII,
1170 2775 1203 2798 c.
1230 2774 1325 2798 xxu.
