1923 3020
748 254 892 289 LIBER
916 254 1113 290 PRIMUS.
1577 255 1622 290 81

233 348 408 384 veteres
433 339 795 399 conventiones,
827 340 1157 385 commissariis
1187 339 1266 385 illo
1296 356 1319 385 a
1353 356 1458 403 rege
1487 340 1626 386 desti-

231 413 350 458 natis
376 412 649 458 deliberavit
676 423 719 459 et
752 415 978 461 tradidit¹.

295 492 434 534 Erant
455 499 609 535 autem
634 491 799 553 populi
822 501 1049 537 terrarum
1070 490 1271 548 illarum,
1296 493 1549 555 praesertim
1571 492 1629 537 de

233 566 469 610 Ambianis
498 576 542 611 et
573 566 930 626 Abbatis-Villa,
964 568 1135 613 mirum
1165 568 1213 612 in
1245 568 1441 613 modum
1473 569 1561 614 laeti
1585 578 1631 614 et

230 641 469 687 exhilarati
509 643 638 704 quod
671 644 728 689 ad
771 645 845 705 jus
877 660 1064 690 coronae
1111 643 1272 704 regalis
1310 646 1625 701 revertissent,

230 718 288 764 ad
309 717 455 779 quod,
484 727 706 780 tanquam
730 720 788 765 ad
814 721 1023 765 naturale
1046 720 1313 783 imperium,
1341 720 1559 766 dicebant
1584 737 1631 766 se

230 803 437 857 spectare
457 804 500 839 et
520 796 751 857 pertinere
770 796 956 841 debere.
982 798 1037 840 Et
1057 795 1163 841 licet
1187 796 1272 841 sub
1296 795 1476 842 ditione
1501 796 1631 843 ducis

231 870 616 932 Burgundionum
633 909 642 927 ,
671 889 756 935 pro
783 873 981 936 pignore
1005 871 1205 930 detenti,
1240 888 1293 916 ex
1323 871 1538 918 libertate
1565 873 1629 918 ci-

229 947 324 1005 vili,
350 946 437 992 sub
458 964 550 1010 qua
574 949 739 993 servati
763 948 958 1006 fuerant,
986 948 1030 992 in
1058 963 1250 1008 magnas
1272 964 1386 1010 opes
1407 958 1448 994 et
1471 949 1631 1013 populi

230 1025 579 1071 multitudinem
623 1027 955 1084 excrevissent,
996 1025 1208 1086 scireque
1246 1024 1378 1070 facile
1414 1035 1633 1087 poterant

231 1102 408 1147 vicinos
428 1119 556 1161 suos,
584 1119 704 1164 quos
730 1103 854 1165 regia
878 1101 1066 1148 tenebat
1087 1117 1271 1158 manus,
1301 1103 1514 1148 maximis
1538 1103 1633 1148 col-

229 1179 455 1224 lationum
483 1189 525 1225 et
550 1180 844 1241 vectigalium
865 1179 1086 1241 angustiis
1107 1194 1291 1242 pressos
1313 1187 1358 1223 et
1381 1194 1631 1242 oppressos

229 1254 415 1317 (idque⁷
455 1255 557 1301 solo
596 1266 846 1319 prospectu
883 1255 1098 1301 villarum
1140 1263 1184 1300 et
1227 1254 1449 1300 facierum
1493 1264 1631 1318 atque

229 1333 424 1377 amictus
455 1332 740 1395 populorum
772 1332 1011 1393 utriusque
1044 1331 1266 1388 dominii,
1307 1331 1630 1393 unusquisque

228 1424 481 1469 agnoscere
512 1417 556 1453 et
583 1408 838 1470 dijudicare
864 1407 1103 1471 poterat),
1131 1424 1184 1452 ex
1210 1407 1416 1469 quadam
1444 1417 1626 1465 tamen,

230 1485 296 1529 ve!
322 1484 586 1546 arrogantia
610 1500 711 1546 quae
734 1500 787 1528 ex
812 1482 1029 1528 secundis
1062 1482 1127 1527 eis
1157 1481 1297 1527 rebus
1317 1493 1625 1545 provenerat,

227 1576 309 1605 seu
334 1560 546 1616 stultitia,
575 1575 668 1621 qua
698 1558 786 1604 sub
820 1558 921 1604 dira
956 1559 1074 1620 regis
1110 1559 1331 1605 servitute
1362 1575 1506 1621 quam
1542 1559 1629 1605 sub

228 1635 353 1681 bona
386 1646 430 1681 et
462 1636 584 1681 civili
617 1635 828 1681 libertate
871 1651 969 1680 esse
1008 1634 1269 1692 malebant,
1315 1635 1435 1681 miro
1481 1636 1627 1683 modo

227 1713 517 1760 exsultabant
541 1730 589 1759 se
613 1730 637 1759 a
661 1713 792 1758 ducis
817 1712 995 1759 ditione
1018 1712 1077 1758 ad
1107 1713 1282 1774 regiam
1309 1728 1503 1758 manum
1528 1730 1627 1759 esse

227 1790 493 1836 devolutos.

293 1871 347 1912 Et
378 1867 469 1911 boc
506 1866 651 1911 modo
681 1865 872 1928 quidem
908 1865 1109 1927 vulgaris
1141 1866 1434 1912 afficiebatur
1470 1866 1626 1912 multi-

227 1943 360 1989 tudo.
391 1944 481 1998 Qui
519 1952 674 1987 autem
709 1941 979 1987 honestiore
1002 1941 1108 1987 loco
1133 1952 1285 1987 essent
1315 1951 1360 1987 et
1388 1942 1623 2004 insipienti

226 2019 364 2083 vulgo
386 2020 612 2064 oculatius
631 2027 797 2063 cuncta
818 2019 1126 2074 intuerentur,
1154 2018 1291 2079 longe
1309 2018 1439 2064 aliter
1455 2034 1478 2063 a
1499 2019 1624 2081 vulgi

227 2096 485 2142 temeritate
521 2093 798 2140 sentiebant.
841 2093 975 2139 Unde
1007 2109 1094 2138 nec
1124 2093 1307 2156 plebeia
1341 2094 1619 2155 multitudo,

225 2251 298 2288 duc
317 2259 401 2288 sont
421 2249 547 2287 datees
562 2248 663 2284 l'une
681 2247 731 2284 du
752 2248 798 2283 12
821 2244 1049 2296 septembre,
1071 2244 1204 2281 l’autre
1225 2244 1275 2281 du
1296 2246 1316 2280 8
1335 2244 1490 2283 octobre
1504 2249 1620 2286 1463.

226 2310 383 2361 Lenglet
405 2309 634 2355 Dufresnoy,
662 2308 877 2352 Commium,
904 2312 931 2341 t.
957 2306 1008 2351 II,
1030 2317 1068 2353 p.
1094 2305 1182 2339 395.

279 2371 294 2404 ¹1
309 2397 315 2405 .
348 2372 401 2404 La
419 2367 555 2403 remise
568 2365 633 2402 des
648 2373 765 2400 terres
783 2363 970 2414 engagces
989 2370 1052 2398 eut
1072 2361 1146 2398 lieu
1162 2361 1196 2398 le
1211 2363 1264 2397 1²¹
1276 2362 1489 2401 novembre
1504 2367 1620 2404 1463.

225 2431 295 2464 Les
311 2426 584 2463 commissaires
603 2423 780 2473 delegnes
801 2436 868 2472 par
889 2422 922 2458 le
942 2421 997 2457 roi
1019 2423 1038 2457 a
1054 2421 1089 2457 la
1106 2420 1299 2470 reception
1313 2422 1451 2458 etaient
1470 2438 1476 2459 :
1495 2424 1623 2461 Pierre

225 2485 270 2521 de
290 2484 533 2529 issoi-villiers,
553 2481 768 2521 chancelier
788 2480 834 2516 de
854 2482 1015 2526 France;
1037 2478 1222 2516 Bertrand
1243 2479 1289 2516 de
1311 2482 1512 2526 Beauvau,
1533 2483 1624 2532 pre-

224 2545 346 2581 sident
360 2544 406 2580 de
423 2544 457 2579 la
473 2542 651 2579 chambre
669 2541 734 2578 des
748 2549 914 2590 comptes
929 2551 938 2588 ;
956 2539 1174 2577 Guillaume
1187 2540 1373 2576 Jouvenel
1390 2540 1455 2577 (les
1468 2542 1622 2588 Ursins;

223 2604 377 2641 Charles
394 2602 440 2639 de
457 2602 597 2647 &telum
613 2600 717 2637 bailli
733 2599 778 2636 de
793 2601 883 2636 Sens
898 2614 908 2646 3
923 2599 1051 2636 Pierre
1065 2598 1191 2646 Berat‚
1204 2599 1384 2635 tre'sorier
1399 2598 1444 2635 de
1459 2601 1622 2648 France;

223 2655 382 2699 Eticnne
401 2661 616 2707 chevalier,
642 2659 741 2697 aussi
767 2658 945 2697 tresorier
963 2658 1010 2696 de
1029 2660 1188 2696 France.
1213 2659 1371 2710 Lenglet
1390 2659 1621 2709 Duffesnoy,

225 2724 376 2769 ibidem,
398 2738 436 2775 p.
460 2725 533 2760 394
556 2731 591 2760 et
613 2724 701 2759 395.

435 2807 467 2829 11
1388 2790 1408 2824 6
