1923 3020
727 252 870 287 LIBER
897 251 1114 287 TERTIUS.
1549 247 1624 282 275

227 340 352 401 gium
376 340 491 385 illud
510 340 886 403 jurisperitorum
911 341 1082 403 poterit
1112 337 1320 401 adaptari
1352 355 1361 382 :
1398 357 1418 378 «
1444 335 1515 382 Nil
1544 338 1623 380 Ju-

227 416 352 462 daeus
396 416 583 475 Judaeo,
622 417 684 463 nil
724 417 918 463 dolosus
957 416 1149 473 doloso,
1195 414 1260 461 nil
1299 414 1497 460 Catilina
1539 403 1625 458 (je-¹

228 492 407 553 theg0¹.
430 512 451 534 ›)

295 571 509 613 Manente
532 579 689 614 autem
719 569 875 615 adhuc
914 567 1301 631 Burgundionum
1329 566 1448 612 duce
1477 566 1524 610 in
1550 581 1631 611 ca·-

229 644 333 688 stris
376 654 455 690 aut
498 645 568 689 vel
617 646 739 690 circa
779 644 946 690 urbem
997 644 1386 701 Ambianensem‚
1438 642 1629 687 minime

230 719 384 764 adhuc
422 721 594 766 sciente
641 721 896 783 quamdam
938 731 1180 783 rupturam
1198 722 1226 778 ²,
1275 736 1417 781 quam
1463 719 1535 764 sui
1584 718 1631 763 in

229 793 527 854 Burgundia,
569 795 691 840 circa
726 795 1070 852 Matisconam³⁷
1105 802 1385 856 acceperant
1413 808 1439 837 a
1473 791 1634 837 militia

229 871 348 931 regis
371 873 676 929 Francorum,
706 888 814 917 cum
838 870 1050 917 eamdem
1073 869 1161 914 sibi
1186 886 1286 926 rex,
1323 869 1462 914 veluti
1486 885 1539 914 ea
1563 884 1635 914 res

229 946 485 1009 plurimum
507 947 592 992 sibi
624 958 785 994 moesta
813 947 958 1002 foret,
990 955 1183 1008 propter
1209 961 1374 991 necem
1405 961 1635 1007 quorum-

231 1022 341 1067 dam
382 1024 461 1085 qui
500 1023 608 1069 illuc
642 1024 871 1087 perempti
909 1022 1128 1078 fuel-aust,
1171 1038 1254 1084 per
1290 1022 1491 1066 ironiam
1530 1021 1637 1066 inti-

233 1099 454 1144 mandam
487 1099 718 1156 duxisset,
747 1100 889 1145 fertur
918 1100 1058 1144 etiam
1077 1134 1087 1154 ‚
1115 1098 1266 1143 vicem
1293 1097 1500 1143 referens
1540 1107 1638 1143 arte

232 1175 481 1233 consimili,
508 1177 606 1240 ipse
631 1176 1019 1237 Burgundionum
1047 1175 1142 1220 dux
1169 1174 1256 1220 sibi
1291 1174 1427 1220 amici
1451 1174 1519 1218 sui
1556 1190 1639 1219 co-

234 1254 355 1298 mitis
387 1254 445 1299 de
481 1253 700 1299 lsarm'clz
742 1269 960 1298 occasum
994 1253 1257 1310 nuntiasse,
1293 1251 1353 1297 de
1385 1268 1481 1314 quo
1514 1268 1635 1296 non-

234 1330 347 1374 dum
370 1347 451 1375 rex
475 1331 571 1393 ipse
597 1339 777 1375 certum
802 1330 1020 1375 nuntium
1045 1338 1305 1392 acceperat.

297 1406 437 1463 Quod
460 1416 616 1452 autem
637 1406 782 1452 fauste
802 1406 1087 1467 feliciterque
1106 1422 1178 1450 res
1201 1405 1406 1450 Edoardi
1424 1403 1640 1450 secundae

233 1484 320 1546 ipsi
347 1482 731 1544 Burgundionum
763 1483 871 1528 duci
899 1483 1225 1546 provenerint?
1253 1482 1536 1545 quantisque
1567 1481 1642 1544 ip-

233 1576 335 1604 sum
368 1559 674 1605 subduxerint
707 1559 924 1623 periculis
965 1569 1105 1622 atque
1149 1559 1305 1617 malis,
1349 1558 1642 1621 superfluum

235 1636 515 1681 arbitramur
544 1636 591 1681 id
621 1636 779 1681 multis
802 1636 1100 1682 sermonibus
1129 1637 1371 1693 intimare,
1396 1652 1504 1680 cum
1529 1652 1642 1698 pro-

235 1713 355 1758 fecto
381 1729 477 1758 non
503 1729 580 1758 eas
604 1713 750 1775 magis
782 1713 867 1775 ipsi
898 1713 1145 1771 Edonrdo,
1178 1729 1320 1775 quam
1351 1711 1503 1757 eidem
1534 1712 1643 1756 duci

235 1788 514 1834 secundasse
539 1797 772 1851 putemus.
799 1791 849 1832 In
881 1805 977 1850 quo
1003 1789 1112 1834 satis
1136 1788 1435 1833 manifestum
1464 1787 1644 1832 cunctis

236 1867 408 1911 factum
433 1866 517 1911 fuit
541 1865 813 1910 mirabiliter
837 1866 918 1910 Dei
944 1865 1241 1911 clementiam
1266 1875 1405 1927 atque
1424 1863 1644 1925 benigni-

235 1953 377 1989 tatem
405 1944 492 2006 ipsi
519 1943 792 2005 Burgundiae
814 1943 1001 1999 domui,
1030 1943 1097 1988 uti
1123 1943 1233 1988 alias
1256 1959 1398 2006 saepe,
1431 1943 1496 1987 510
1517 1950 1562 1986 et
1594 1942 1640 1986 in

205 2075 209 2079 .
236 2018 308 2063 his
328 2018 599 2082 procellosis
624 2018 910 2064 consuluisse
935 2017 1291 2081 tempestatibus
1313 2028 1358 2063 et
1386 2017 1644 2063 misericor-

236 2096 425 2142 dissime
446 2097 747 2153 succurrisse3
767 2113 869 2158 quae
888 2096 1049 2159 procul
1069 2095 1217 2141 dubio
1244 2095 1434 2140 totalem
1455 2095 1641 2140 ruinam

237 2184 376 2236 atque
399 2175 754 2220 exstinctionem
778 2174 984 2219 subitura
1004 2182 1185 2236 poterat
1201 2172 1438 2231 testimari,
1463 2172 1636 2230 sinon,

238 2260 402 2314 praeter
430 2252 644 2296 omnium
676 2251 945 2296 mortalium
978 2266 1136 2314 spem,
1167 2260 1262 2295 tam
1297 2248 1492 2294 mirifice
1522 2258 1640 2294 tam-

294 2375 330 2409 1.
364 2372 534 2410 Allusion
560 2375 581 2409 a
607 2373 770 2423 quelque
798 2373 901 2423 ἶ[31050
929 2372 974 2409 de
996 2372 1283 2420 jurisconsulte,
1313 2373 1405 2409 dont
1430 2373 1464 2409 le
1489 2372 1642 2409 dernier

239 2442 357 2470 terme
380 2432 547 2482 rappelle
569 2433 603 2469 le
624 2446 709 2470 vers
731 2433 777 2469 de
797 2432 957 2470 Juvenal
978 2448 984 2467 :
1008 2434 1157 2470 Clodius
1177 2442 1321 2469 accuset
1339 2433 1515 2479 moechos,
1540 2434 1642 2469 Cati-

241 2495 318 2528 lina
338 2492 544 2541 Cethegum.

291 2552 328 2588 2.
362 2542 587 2600 Equivalent
606 2549 655 2587 du
673 2559 751 2587 mot
777 2551 936 2600 franqais
956 2552 1120 2590 de'rotcte.

294 2613 327 2647 3.
363 2616 392 2646 Α
411 2613 530 2659 Bussy
551 2623 598 2647 cn
616 2610 842 2657 Bcaujolais,
869 2612 887 2646 a
914 2618 996 2660 sept
1014 2610 1131 2648 lienes
1155 2610 1202 2648 de
1221 2613 1369 2649 maison.

293 2672 329 2704 4.
362 2672 540 2706 L'auteur
568 2669 726 2715 revient‚
752 2671 770 2704 :¹1
792 2669 827 2705 la
851 2669 898 2705 fin
926 2669 976 2706 du
1001 2669 1184 2719 clmpitrc,
1218 2683 1283 2707 sur
1311 2679 1406 2707 cette
1427 2683 1563 2721 guerre
1595 2671 1642 2707 de

243 2732 479 2779 Bourgogne.
