1923 3020
687 236 830 271 LIBER
865 235 1037 270 TERTIU
1045 235 1067 270 S
1074 264 1081 272 .
1508 231 1582 267 239

190 323 426 385 potuisse3
459 332 742 384 rogatusque
773 321 831 368 ab
869 339 954 376 eo,
991 322 1076 385 ipsi
1114 320 1310 366 domino
1337 319 1579 377 Bastar-do,

190 400 592 462 quemadmodum
616 400 707 446 fide
728 417 810 446 sua
832 400 1060 446 facturum
1082 409 1338 462 receperat,
1361 414 1436 443 eas
1460 398 1582 443 illico

193 476 483 530 reddiderat,
517 477 784 521 existimans
812 492 863 521 ex
901 476 1294 538 superscriptione
1328 473 1457 536 quod
1487 474 1584 536 ipse

191 562 329 609 esset,
356 553 430 596 cui
464 552 567 608 ille,
600 553 680 614 qui
720 552 803 596 sibi
842 553 1027 598 easdem
1067 551 1342 607 tradiderat,
1379 549 1584 595 redditas

191 644 289 673 csse
313 628 472 684 vellet3
497 628 635 672 alium
665 630 807 685 enim,
835 639 998 692 practer
1021 646 1146 687 eum,
1176 628 1446 673 Bastardum
1473 631 1584 672 Bur-

192 704 375 765 gundiae
401 705 591 749 minime
613 715 930 767 cognosceret.

254 784 382 826 Tunc
417 782 670 827 sciscitatus
706 793 771 827 est
803 781 862 827 ab
891 798 947 826 eo
972 781 1096 826 idem
1132 780 1353 825 dominus
1378 781 1470 826 dux
1488 817 1498 836 ‚
1526 797 1584 826 an

192 856 433 902 hominem
470 857 628 912 illum,
672 859 752 920 qui
793 857 880 903 sibi
913 873 989 902 eas
1024 856 1251 913 dedisset,
1296 857 1417 902 bene
1453 873 1585 902 reco-

194 943 461 995 gnosceret,
484 935 518 979 si
540 950 648 979 eum
673 935 790 979 forte
816 933 987 980 alicubi
1012 934 1257 978 inveniret.
1279 935 1370 989 Qui
1395 950 1587 996 respon·

191 1009 259 1054 dit
283 1010 344 1055 ita
373 1010 459 1055 sibi
478 1011 643 1056 videri.
671 1011 809 1055 Jussit
838 1011 992 1072 itaque
1018 1009 1078 1054 ad
1101 1010 1256 1054 statim
1279 1009 1404 1054 idem
1433 1010 1586 1055 domi-

191 1103 279 1131 nus
307 1087 401 1132 dux
432 1088 683 1133 ascendere
708 1088 885 1148 aliquot
912 1087 1089 1147 equites
1113 1095 1157 1130 et
1178 1086 1406 1130 rusticum
1428 1103 1588 1131 secum

192 1163 396 1222 ducere,
424 1174 565 1226 atque
599 1181 706 1209 cum
737 1163 867 1208 omni
903 1162 1222 1221 festinatione,
1252 1163 1465 1224 quamvis
1491 1163 1588 1224 jam

194 1258 286 1286 nox
311 1253 453 1301 esset,
477 1243 535 1288 ad
559 1241 1099 1288 Sanctum-Odomarum
1129 1241 1377 1304 proficisci.
1407 1241 1589 1286 Baldui-

192 1333 280 1361 nus
304 1328 483 1375 autem,
507 1318 566 1362 ad
591 1334 730 1380 quem
755 1316 1027 1378 hujusmodi
1059 1316 1219 1361 littera:
1242 1316 1584 1374 scribebantur,

193 1411 288 1439 non
315 1397 597 1458 exspectarit
630 1404 679 1439 ut
703 1395 762 1439 ad
797 1411 844 1439 se
868 1394 1219 1439 accersiendum
1247 1394 1476 1451 mitteret3
1506 1394 1588 1439 sed

192 1472 312 1516 male
336 1472 423 1517 sibi
452 1473 694 1527 conscius,
721 1471 844 1516 illico
880 1480 927 1516 ut
956 1471 1095 1516 frater
1118 1488 1228 1516 suus
1252 1472 1503 1516 Antonius¹
1529 1471 1588 1517 ab
1651 1493 1654 1495 ·

193 1565 248 1593 eo
275 1548 579 1606 discessisset,
613 1549 751 1594 celeri
789 1548 875 1594 sibi
909 1548 1015 1610 suga
1046 1549 1299 1594 consuluit.
1328 1549 1590 1612 Supplicio-

193 1641 296 1669 rum
326 1626 451 1670 enim
480 1635 631 1682 metu,
661 1643 748 1689 pro
773 1625 942 1687 quibus
972 1627 1192 1671 meritum
1217 1643 1265 1671 se
1294 1642 1590 1689 comparasse

193 1701 389 1759 sciebat,
414 1703 671 1758 exterritus,
700 1703 818 1748 adeo
843 1704 1093 1749 maturavit
1116 1703 1300 1765 sugam,
1331 1714 1403 1762 ut,
1432 1721 1591 1765 quam-

193 1779 260 1822 vis
285 1778 485 1824 obscura
512 1779 607 1840 jam
645 1795 736 1824 nox
773 1795 903 1841 paene
935 1789 1076 1834 esset,
1106 1780 1362 1825 crastinum
1397 1780 1590 1824 minime

193 1856 536 1917 expectandum
577 1855 778 1913 duxerit,
813 1855 893 1900 sed
927 1855 1068 1914 illico,
1096 1856 1274 1900 nemini
1298 1855 1586 1912 valedicens,

193 1946 450 1976 conscenso
485 1930 643 1994 [equo]
676 1931 774 1976 sine
803 1931 913 1976 sella
937 1941 982 1976 et
1013 1932 1111 1976 sine
1136 1932 1306 1989 ocreis,
1330 1931 1456 1977 solus
1482 1949 1589 1977 cum

194 2009 336 2053 unico
363 2025 597 2069 mangone
623 2017 808 2071 portam
834 2008 995 2071 oppidi
1019 2008 1230 2061 exiverit,
1262 2018 1306 2053 ct
1330 2009 1439 2070 quia
1465 2028 1485 2051 t<
1510 2025 1590 2071 pe-

194 2084 332 2129 dibus
362 2086 502 2129 timor
536 2084 623 2129 sibi
654 2084 899 2129 addiderat
929 2085 1043 2142 alas,
1075 2104 1097 2126 »
1125 2101 1221 2128 non
1261 2094 1368 2130 ante
1401 2101 1591 2130 cursum

194 2161 436 2206 retinuerit
471 2178 637 2223 quam,
678 2161 869 2205 {lumine
901 2162 1170 2205 Summonae
1198 2161 1492 2219 transmisso,
1532 2161 1591 2207 ad

196 2246 339 2282 terras
361 2254 465 2300 quae
487 2247 595 2283 sunt
618 2238 812 2282 ditionis
839 2238 973 2297 regite.
994 2239 1292 2300 pervenisset.

260 2314 400 2375 Cujus
436 2315 539 2375 suga
574 2325 664 2358 tam
699 2313 860 2358 celeris
895 2314 1080 2374 cognita
1105 2313 1481 2360 vehementiores
1505 2314 1591 2360 do-

196 2391 325 2435 mino
361 2391 495 2447 duci,
531 2392 656 2436 tratri
691 2407 803 2446 suo,
840 2390 1129 2453 suspiciones
1151 2390 1358 2437 adauxit.
1391 2394 1505 2436 Nam
1530 2393 1592 2438 ita

195 2484 316 2526 sese,
354 2478 401 2513 ut
441 2468 546 2530 fuga
583 2468 702 2513 elabi
737 2478 915 2531 posset,
950 2467 1274 2530 praecipitavit,
1312 2478 1363 2513 ut
1395 2469 1591 2514 tollendi

195 2560 361 2591 aurum
387 2555 429 2590 et
454 2555 724 2606 argentum,
752 2544 879 2607 quod
918 2544 1026 2589 satis
1061 2544 1318 2607 plurimum
1353 2545 1588 2603 habebat,

248 2713 265 2747 1
279 2741 287 2750 .
319 2711 507 2759 Antepnfl,
528 2710 636 2759 lecon
656 2710 820 2747 vicieuse
840 2723 937 2760 pour
954 2714 1157 2758 Antonias,
1179 2711 1271 2749 dans
1290 2712 1326 2749 le
1349 2725 1418 2751 ms.
