1923 3020
288 299 360 333 110
646 298 981 333 HISTORIARUM
1009 297 1242 333 LUDOVICI
1269 298 1323 332 XI

284 394 462 441 tronus,
491 401 568 429 seu
595 385 824 447 imperitia
846 400 924 428 seu
949 383 1121 428 malitia
1143 392 1267 428 certa
1283 419 1294 440 ,
1317 399 1421 428 eam
1443 382 1678 446 perditum

285 463 337 506 iri
359 461 495 505 vellet
519 471 562 505 et
589 462 634 505 in
657 460 817 522 Scylla?
841 469 918 504 aut
942 459 1204 521 Charybdis
1227 460 1472 522 voragines
1495 460 1681 506 demer-

284 553 405 597 gere,
441 552 498 581 an
522 537 607 599 ipsi
632 537 723 580 hoc
747 537 843 598 pati
865 545 909 581 et
935 535 1132 581 tolerare
1156 535 1406 593 deberent3
1427 536 1500 581 vel
1524 536 1680 599 potius

285 621 534 673 patronum
561 628 641 657 seu
669 612 915 656 dominum
933 649 943 669 ,
979 629 1038 656 ne
1068 611 1115 656 id
1140 612 1332 669 faceret,
1364 612 1604 657 adhortari
1634 620 1681 657 et

281 704 607 745 commonere,
640 698 801 749 atque,
828 687 907 733 ubi
934 688 979 732 in
1005 697 1181 733 tantam
1213 689 1448 733 vesaniam
1478 697 1678 733 vertere-

283 773 356 808 tur
389 774 466 819 ut,
505 766 669 828 spretis
710 764 1116 810 exhortationibus
1153 773 1197 809 et
1228 763 1678 810 commonitionibus

281 840 582 900 salutaribus,
611 841 769 886 navim
799 840 1104 884 nihilominus
1135 840 1181 884 in
1213 841 1518 903 praecipitium
1543 856 1678 901 agere

281 916 440 966 vellet,
469 932 592 962 anne
616 915 702 960 sibi
735 916 793 961 de
821 916 941 960 sacto
974 916 1189 961 reluctari
1216 925 1261 960 et
1285 915 1509 961 obsistere
1534 915 1676 962 debe-

280 1001 399 1036 rent.
428 996 530 1037 Non
555 992 836 1037 arbitramur
869 1009 949 1036 eos
970 995 1031 1036 ita
1051 992 1252 1037 insanire
1270 1027 1281 1048 ,
1312 1002 1388 1047 ut,
1419 1009 1504 1054 pro
1531 992 1677 1037 salute

280 1081 375 1116 tam
415 1073 545 1117 navis
587 1088 730 1134 quam
770 1089 934 1117 eorum
978 1073 1057 1133 qui
1112 1072 1155 1116 in
1204 1088 1258 1117 ea
1294 1073 1672 1130 continerentur,

280 1148 539 1193 abnuerent
561 1150 606 1194 id
624 1149 745 1194 licite
768 1160 808 1194 et
834 1148 1175 1193 rationabiliter
1192 1148 1290 1193 fieri
1308 1165 1462 1211 posse,
1485 1159 1528 1194 et
1548 1148 1674 1213 [iam]

279 1241 439 1269 servos
462 1242 543 1270 seu
572 1225 847 1269 vernaculos
874 1225 1090 1287 patroni,
1126 1224 1199 1268 vel
1230 1234 1396 1269 nautas
1430 1226 1676 1271 conducti-

280 1301 390 1357 tios,
419 1301 463 1344 in
490 1301 628 1345 tantis
651 1300 867 1363 perieulis
890 1300 1188 1358 constitutos,
1216 1299 1464 1345 dominum
1487 1318 1623 1346 suum
1650 1317 1676 1347 a

279 1377 410 1421 clavo
444 1376 674 1439 depellere
708 1386 750 1421 et
786 1376 1008 1437 regimine
1032 1392 1280 1433 amovere,
1317 1376 1397 1421 sed
1432 1377 1599 1435 etiam,
1638 1378 1675 1422 si

279 1454 408 1498 aliter
431 1454 542 1498 salvi
563 1453 762 1498 evadere
788 1469 883 1497 non
914 1463 1132 1515 possent,
1172 1453 1353 1498 domini
1381 1454 1676 1499 contumacia

280 1541 323 1576 et
344 1532 595 1593 pertinacia
624 1531 843 1586 faciente,
879 1546 965 1592 pro
994 1531 1237 1575 communi
1264 1530 1576 1593 plurimorum
1603 1545 1676 1575 sa-

281 1608 397 1665 lute,
429 1608 600 1652 vincire
633 1618 677 1652 et
700 1606 1009 1669 compedibus
1029 1608 1372 1667 constringere,
1403 1607 1476 1651 vel
1501 1607 1676 1669 majore

279 1685 418 1729 etiam
439 1685 680 1729 severitate
703 1699 938 1728 coercere.

343 1761 485 1820 Igitur
509 1761 544 1804 si
570 1760 661 1804 hoc
688 1760 835 1816 servi,
871 1760 906 1803 si
942 1759 1174 1821 mancipia
1207 1760 1280 1804 vel
1319 1759 1592 1804 mercenarii
1628 1759 1674 1804 in

279 1836 526 1882 dominum
552 1853 704 1890 suum,
734 1845 930 1897 cogente
954 1836 1244 1894 necessitate,
1261 1845 1459 1898 possunt
1476 1835 1676 1897 legitime

279 1931 429 1976 agere,
457 1932 540 1960 cur
564 1932 660 1959 non
688 1923 929 1977 poterunt,
958 1930 1056 1957 non
1090 1913 1210 1957 servi
1235 1928 1387 1975 neque
1414 1911 1671 1973 mancipia,

278 1991 358 2034 sed
386 1991 668 2053 amplissima
698 1990 953 2035 liberorum
992 1988 1278 2051 populorum
1310 1986 1562 2033 multitudo
1593 1987 1675 2032 uni

280 2068 452 2127 regenti
471 2067 784 2125 subditorum,
811 2067 887 2111 ubi
907 2075 1156 2120 rectorem,
1178 2063 1674 2126 velutqnodammodo

280 2144 611 2201 insanientem,
640 2161 804 2189 omnes
829 2143 1014 2188 notorie
1044 2152 1089 2186 et
1113 2141 1485 2187 manifestissime
1515 2139 1675 2184 vident

280 2237 376 2265 non
405 2220 604 2279 legitime
622 2222 871 2283 imperare,
900 2235 1053 2280 neque
1076 2218 1272 2263 consilio
1291 2217 1527 2262 bonorum
1550 2216 1674 2260 Yiro-

280 2313 383 2340 rmn
410 2306 549 2356 atque
581 2297 859 2357 sapientium
891 2294 1124 2339 moderari
1150 2304 1195 2339 et
1218 2294 1466 2356 disponere
1490 2308 1677 2355 rempu-

282 2373 474 2427 blicam,
510 2371 588 2415 sed
620 2382 785 2416 cuncta
815 2382 995 2417 vastare
1028 2381 1072 2416 et
1105 2371 1330 2434 perdere3
1371 2370 1493 2415 cives
1530 2369 1676 2432 patri-

283 2449 450 2493 moniis
474 2457 517 2491 et
542 2446 693 2503 bonis,
722 2464 806 2508 pro
829 2448 925 2492 sola
950 2448 1208 2505 voluntate,
1234 2448 1331 2492 sine
1348 2446 1449 2508 jure
1471 2446 1670 2505 ordinis,

281 2525 509 2587 spoliare,
550 2522 727 2567 exsules
761 2521 880 2566 bene
917 2524 974 2567 ‹le
1010 2523 1249 2585 republica
1285 2524 1474 2567 meritos
1509 2538 1670 2583 agere3

281 2601 542 2647 libertatem
582 2598 794 2643 Ecclesiae
834 2607 877 2641 et
912 2599 1325 2644 ecclesiasticarum
1367 2614 1673 2661 personarum

282 2681 423 2723 decus
438 2688 575 2738 atque
593 2675 826 2720 honorem
845 2673 1004 2718 tollere
1021 2691 1032 2730 3
1058 2677 1216 2721 omnia
1233 2676 1391 2721 divina
1409 2685 1453 2720 et
1467 2676 1670 2720 humana

276 2756 381 2817 jura
400 2764 703 2799 contemnere
721 2761 765 2796 et
782 2749 1072 2795 confundere
1092 2769 1102 2806 ;
1126 2768 1212 2813 pro
1233 2752 1364 2796 libito
1383 2752 1430 2796 in
1455 2749 1673 2796 omnibus
