1923 3020
726 246 868 281 LIBER
896 245 1120 290 QUINTUS.
1548 246 1621 279 411}

230 330 439 377 sufficere
460 341 651 394 possent
674 331 811 390 illius,
827 347 922 392 quo
947 331 1012 376 eis
1036 330 1347 376 necessarium
1372 329 1517 375 fuerat
1545 329 1623 376 ali-

229 417 441 453 mentum
466 405 698 470 [solvere]
726 408 814 453 Sed
840 417 884 453 et
907 407 965 452 de
989 407 1173 453 defectu
1207 407 1451 453 solutionis
1484 417 1623 453 statu-

228 494 384 530 torum
396 483 734 545 stipendiorum
751 500 914 529 omnes
930 484 1023 529 fere
1038 484 1356 546 querimonias
1373 484 1615 530 faciebant.

293 558 542 604 Exstabant
560 561 768 621 pecuniae
780 560 903 623 apud
920 560 1315 623 Luxemburguin,
1328 561 1386 605 ad
1399 561 1617 620 ducenta,

227 645 278 680 ut
297 633 437 695 vulgo
463 634 712 692 ferebatur,
739 636 880 681 millia
900 645 1139 681 scutorum
1159 637 1273 694 auri,
1297 653 1398 699 quae
1422 637 1500 682 illo
1525 638 1622 701 ipse

227 711 318 756 dux
344 711 734 772 Burgundionum
758 712 926 757 advehi
951 722 1244 775 procurarat,
1274 723 1320 758 ut
1346 714 1404 759 ad
1427 732 1621 760 suorum

225 785 425 831 militum
450 788 681 851 stipendia
702 799 1020 850 erogarentur.
1049 792 1196 837 Porro
1222 790 1331 852 quia
1356 790 1548 837 ulterius
1569 808 1623 838 ea

225 872 407 908 vectare
434 864 880 927 periculosissimum
910 876 1029 922 erat,
1060 876 1251 929 propter
1276 866 1482 912 hostium
1506 885 1622 931 quo-

225 938 425 984 tidianos
452 956 692 998 excursus,
724 940 805 1002 qui
831 941 928 985 vias
955 950 1093 1003 atque
1123 942 1287 988 itinera
1311 942 1473 988 dietim
1499 944 1622 990 obsi-

223 1014 398 1062 debant
423 1026 469 1062 et
492 1016 822 1076 excursabant,
855 1016 1027 1078 quibus
1055 1033 1293 1064 annonam
1320 1020 1379 1065 ad
1409 1024 1620 1083 Burgun-

223 1092 421 1138 dionum
455 1103 604 1139 castra
640 1110 777 1157 posse
808 1092 978 1138 deduci
1012 1093 1283 1156 putabatur,
1322 1097 1438 1153 illio,
1479 1115 1537 1143 ne
1572 1101 1619 1144 in

223 1167 429 1215 hostium
451 1187 619 1216 manus
638 1170 953 1234 pervenirent,
979 1169 1156 1234 absque
1174 1171 1265 1216 hoc
1284 1173 1413 1235 quod
1434 1174 1515 1233 eis,
1541 1177 1619 1238 qui

222 1246 269 1291 in
294 1249 452 1293 castris
475 1258 623 1307 erant,
652 1249 818 1294 solatio
842 1248 1022 1307 fierent,
1050 1261 1390 1296 remanserunt.

288 1327 552 1372 Potuissent
575 1343 685 1372 sane
704 1326 906 1389 plurima
928 1326 988 1372 ad
1012 1337 1160 1372 castra
1185 1328 1316 1373 ducis
1343 1330 1621 1390 Burgundiae

221 1402 440 1449 alimenta
460 1404 646 1463 deferri,
672 1413 721 1450 ut
739 1421 794 1449 ex
815 1404 1072 1467 Campania
1091 1414 1137 1450 et
1161 1422 1215 1450 ex
1240 1415 1361 1451 terra
1382 1408 1616 1465 Barrensi3

221 1479 302 1524 sed
323 1483 610 1526 Francorum
628 1498 705 1526 rex
723 1491 904 1544 partem
923 1497 1140 1542 magnam
1163 1498 1353 1527 suarum
1374 1485 1620 1546 copiarum

220 1555 312 1601 illic
331 1556 658 1617 collocaverat,
684 1575 829 1620 usque
850 1558 909 1604 ad
931 1558 1057 1604 mille
1075 1568 1120 1604 et
1138 1560 1415 1621 quingentas
1436 1561 1620 1607 lanceas

220 1632 291 1678 vel
317 1634 530 1698 amplius.
560 1636 674 1692 Qui,
702 1636 811 1697 quia
834 1635 1066 1681 alimentis
1089 1645 1133 1681 et
1159 1636 1438 1682 victualibus
1462 1638 1620 1700 patriae

220 1710 508 1773 indigebant,
532 1713 872 1775 impedimento
893 1714 1000 1758 satis
1017 1722 1150 1759 erant
1169 1730 1227 1758 ne
1248 1715 1307 1759 ad
1327 1716 1618 1775 Burgundio-

219 1803 333 1833 num
357 1799 506 1835 castra
530 1790 674 1852 trajici
696 1806 773 1835 seu
800 1789 968 1835 devehi
992 1791 1267 1852 potuissent.
1295 1793 1438 1837 Erant
1462 1802 1618 1838 autem

218 1862 266 1908 hi
297 1866 474 1927 equites
498 1867 639 1928 regis,
667 1866 735 1911 uti
757 1865 966 1925 aiebant,
1000 1883 1024 1912 a
1052 1870 1338 1912 Francorum
1366 1869 1455 1913 ritu
1486 1886 1617 1914 com-

220 1942 351 1985 muni
384 1958 576 2005 prorsus
612 1943 845 1988 disserenti
882 1953 1020 2005 atque
1052 1944 1204 1989 alieno
1235 1945 1408 2002 vestiti,
1437 1956 1487 1991 ut
1518 1947 1618 2008 pri-

218 2018 366 2062 miore
395 2029 586 2081 aspectu
621 2020 843 2066 Germani
881 2021 1037 2083 potius
1072 2037 1155 2065 seu
1185 2023 1444 2079 Suitcuses,
1473 2040 1616 2085 quam

217 2093 335 2139 Galli
365 2096 459 2141 sive
484 2096 670 2153 Franci,
705 2097 859 2159 putari
882 2097 1164 2159 potuissent3
1195 2108 1241 2143 et
1263 2098 1349 2158 ibi,
1380 2100 1501 2145 circa
1524 2102 1614 2144 Lo-

217 2169 455 2233 tharingiae
479 2172 595 2217 fines
618 2173 882 2230 constituti,
912 2173 1041 2235 quasi
1065 2190 1222 2219 rerum
1243 2184 1485 2235 eventum,
1513 2193 1615 2238 quae

216 2247 338 2292 circa
361 2249 714 2310 Burgundiones
737 2251 1055 2313 provenirent,
1083 2251 1324 2314 explorare
1348 2263 1487 2316 atque
1507 2270 1613 2300 aus-

215 2324 360 2386 picari
392 2325 689 2372 videbantur,
724 2328 816 2390 lpsi
851 2328 976 2373 enim
1009 2328 1116 2374 satis
1148 2330 1260 2374 certi
1294 2340 1449 2387 eraut,
1482 2332 1613 2393 quod

215 2400 309 2445 dux
341 2401 673 2463 Lotharingiae,
711 2405 790 2465 qui
819 2405 865 2450 in
902 2406 1200 2452 Germaniam
1225 2408 1461 2470 profectus
1488 2419 1607 2467 erat,

215 2494 324 2523 cum
354 2480 532 2540 maguis
562 2481 844 2527 Suiteusium
877 2492 1015 2545 atque
1042 2485 1406 2532 Alemannorum
1436 2489 1605 2551 copiis,

214 2553 273 2599 ad
295 2556 668 2617 oppugnandum
692 2557 990 2604 obsidionem
1013 2561 1265 2608 adventare
1287 2563 1499 2622 deberet,
1530 2582 1609 2610 cu-

211 2631 283 2692 jus
309 2633 372 2676 rei
399 2633 481 2695 ipsi
509 2633 897 2694 praestolabantur
921 2647 1141 2683 eventum
1165 2649 1305 2702 atque
1331 2642 1521 2687 exitum.
