1923 3020
780 317 922 352 LIBER
947 317 1142 354 PRIMUS.
1605 318 1653 353 99

266 399 413 445 facere
454 399 513 445 de
543 399 845 464 adimplendo
878 419 932 448 ea
966 419 1068 464 quae
1101 403 1159 449 ab
1188 403 1290 466 ipso
1329 401 1648 462 desiderabat,

265 475 387 518 misit
409 474 567 521 denuo
592 477 650 522 ad
675 477 896 523 eumdem
922 478 1091 524 ducem
1119 480 1339 524 comitem
1365 482 1649 525 Dunensem.

265 550 348 594 (jui
373 549 616 611 legationis
639 554 935 599 committens
958 571 1094 613 onus,
1118 556 1159 600 ei
1185 555 1333 600 minas
1353 572 1512 616 graves
1531 557 1653 603 intu-

264 625 367 669 lisse
390 626 528 687 vulgo
553 628 799 687 ferebatur,
827 630 864 675 si
892 647 1012 688 non,
1045 631 1104 676 ad
1132 648 1240 676 eum
1267 641 1526 688 revertens,
1557 634 1653 679 voti

263 701 333 745 sui
366 704 711 749 exsecutionem
746 715 790 750 et
829 706 1226 769 complementum
1261 707 1539 769 acquisitum
1576 726 1653 755 re-

265 776 416 821 ferret.

328 857 481 909 Quam
505 854 783 917 legationem
806 858 976 902 invitus
999 857 1205 918 quodam
1232 859 1375 904 modo
1397 860 1653 923 suscipiens

262 929 388 975 idem
405 947 580 985 comes,
598 949 679 985 Der
696 933 893 993 Ligerim
912 934 956 977 in
978 934 1265 979 Britanniam
1284 935 1448 980 iterato
1465 936 1655 983 descen-

263 1006 345 1051 dit.
368 1009 540 1052 Verum
561 1009 669 1068 quia
686 1008 924 1054 diffidebat
941 1025 988 1053 se
1005 1024 1030 1053 a
1048 1008 1166 1054 duce
1183 1026 1318 1071 posse
1336 1027 1390 1056 ea
1406 1015 1646 1074 consequi,

262 1099 364 1144 quae
391 1101 467 1128 rex
498 1083 597 1128 fieri
625 1084 842 1147 cupiebat
867 1094 912 1130 et
940 1084 1027 1130 sibi
1052 1086 1380 1148 prosequenda
1404 1091 1651 1135 commise-

263 1168 355 1215 rat,
386 1159 557 1204 veritus
584 1176 678 1205 non
703 1159 785 1204 abs
811 1177 858 1204 rc
884 1161 1032 1205 minas
1063 1161 1180 1222 regis
1197 1198 1207 1216 ,
1235 1177 1332 1206 non
1362 1162 1463 1208 sine
1487 1163 1651 1211 bono-

261 1251 366 1279 rum
383 1251 575 1279 suorum
594 1234 837 1280 mobilium
858 1235 1049 1280 meliore
1070 1238 1288 1299 portione
1309 1248 1376 1283 est
1396 1240 1646 1302 profectus.

262 1309 353 1354 Sed
375 1326 477 1355 eam
506 1327 663 1355 secum
693 1310 819 1367 tulit,
847 1311 1051 1356 incertus
1080 1329 1162 1371 an,
1193 1314 1370 1376 expleta
1391 1314 1646 1376 legatione,

262 1396 411 1432 tutum
427 1387 513 1432 sibi
534 1398 673 1449 atque
690 1387 956 1433 consultum
975 1388 1091 1434 foret
1107 1389 1166 1434 ad
1184 1407 1341 1452 regem
1363 1394 1528 1438 reverti
1549 1411 1653 1440 nec-

261 1480 335 1508 ne.
372 1464 529 1525 Atqui,
562 1480 669 1508 cuin
699 1463 757 1508 ad
788 1463 957 1508 ducem
989 1481 1133 1525 usque
1164 1467 1447 1528 pervenisset
1477 1479 1522 1515 et
1555 1473 1650 1517 voti

259 1541 329 1584 sui
360 1556 514 1601 regem
547 1549 814 1601 compotem
845 1556 978 1601 posse
1010 1539 1193 1586 efficere
1225 1542 1514 1605 desperaret,
1554 1563 1650 1592 non

260 1616 432 1661 oblitus
465 1633 565 1678 quae
592 1615 677 1660 sibi
705 1632 787 1678 per
816 1632 973 1677 regem
1001 1617 1136 1661 minae
1165 1617 1402 1665 intentatae
1431 1620 1648 1681 fuissent,

259 1692 460 1738 decrevit
485 1691 686 1737 reditum
709 1708 847 1736 suum
872 1708 968 1736 non
993 1702 1246 1752 maturare,
1274 1695 1356 1741 sed
1380 1695 1554 1743 diutius
1577 1716 1649 1744 re-

260 1768 475 1813 morandi
500 1784 658 1812 causas
682 1769 955 1812 assumere¹.

322 1846 512 1890 Interim
528 1855 700 1901 autem,
725 1845 845 1889 inter
867 1844 1087 1906 plurimas
1115 1844 1285 1907 quibus
1310 1847 1469 1892 animo
1488 1859 1648 1897 aestua-

258 1921 337 1967 bat
379 1938 458 1966 rex
503 1938 660 1977 curas,
712 1930 762 1964 ut
812 1920 992 1965 tolleret
1038 1920 1294 1980 fastidium,
1345 1939 1400 1968 ex
1447 1926 1645 1972 Turonis

256 1998 316 2043 ad
350 1997 512 2042 urbem
545 1998 737 2042 l'ictavis
769 2013 816 2041 se
847 1996 1059 2041 contulit.
1097 1996 1252 2051 Unde,
1288 2013 1443 2043 versus
1473 2003 1646 2048 Vasco-

258 2073 399 2132 niam,
427 2073 486 2118 ad
510 2073 665 2118 nescio
689 2072 818 2134 quod
842 2072 1096 2116 oratorium
1124 2075 1267 2117 sseatae
1290 2074 1480 2135 Mariae2,
1506 2075 1647 2123 devo-

310 2187 346 2221 1.
378 2187 557 2221 L⁷auteur
576 2183 733 2227 revient,
757 2182 847 2218 dans
868 2183 902 2218 le
926 2181 1095 2230 cliapitre
1112 2182 1276 2229 suivant,
1299 2196 1364 2220 sur
1384 2194 1479 2222 cette
1499 2187 1646 2226 ambas-

256 2243 359 2284 sade,
382 2257 429 2280 en
452 2244 502 2279 lui
526 2243 694 2279 dormant
720 2251 815 2278 cette
837 2242 904 2277 fois
924 2255 963 2277 sa
982 2240 1165 2277 veritalile
1185 2241 1290 2287 date,
1312 2256 1376 2280 car
1394 2244 1465 2282 elle
1486 2256 1549 2283 eut
1570 2248 1644 2286 lieu

255 2315 302 2339 au
328 2310 493 2338 moment
512 2304 560 2337 ou
582 2315 620 2338 se
647 2301 822 2337 tlt-clami
844 2300 878 2335 la
898 2300 1151 2348 conspiration
1182 2300 1232 2336 du
1261 2302 1353 2338 Bien
1379 2303 1529 2352 public,
1552 2307 1644 2346 dans

254 2361 415 2409 laquelle
435 2361 469 2398 le
488 2370 608 2397 comte
631 2360 675 2396 (le
696 2360 840 2396 Dunois
860 2359 947 2395 ctait
967 2359 1123 2409 engagc.
1147 2359 1175 2395 Il
1204 2360 1321 2396 sallait
1340 2363 1579 2403 mentionner
1598 2368 1645 2405 ici

255 2433 328 2456 une
355 2428 461 2456 autre
481 2419 714 2462 ambassadc,
738 2418 831 2454 celle
857 2417 992 2454 ‹l'Odet
1012 2417 1174 2469 d’Aydie
1199 2421 1346 2470 envoye
1368 2434 1417 2458 au
1444 2425 1500 2460 roi
1522 2439 1590 2475 par
1611 2429 1643 2465 le

253 2477 324 2513 duc
344 2478 390 2514 de
410 2481 593 2528 Bretagne
619 2480 655 2525 (τὶ
681 2490 778 2512 nnn-s
800 2478 913 2521 1463)
929 2505 937 2521 ,
960 2489 1047 2512 sous
1068 2478 1236 2525 pretexte
1256 2477 1448 2517 d'obtenir
1472 2496 1546 2520 une
1571 2498 1644 2522 en-

254 2544 384 2572 trevue
409 2538 458 2572 ou
482 2536 516 2572 le
539 2536 610 2572 duc
636 2550 674 2573 se
702 2536 815 2573 serait
842 2535 1040 2572 reconcilie
1061 2549 1153 2572 avec
1174 2536 1207 2572 le
1230 2537 1306 2584 roi,
1333 2540 1426 2576 mais
1445 2554 1491 2577 en
1516 2544 1646 2582 realite

253 2608 348 2644 pour
369 2594 522 2630 enlever
551 2594 584 2630 le
614 2594 742 2644 print-e
768 2593 942 2639 charles,
964 2607 1110 2630 comme
1139 2607 1187 2630 on
1219 2594 1253 2632 le
1284 2606 1438 2634 raconte
1461 2601 1643 2651 quelques

253 2653 371 2703 lignes
392 2653 476 2702 plus
494 2652 571 2690 bas,
598 2655 640 2690 l).
661 2653 816 2699 Morice,
838 2655 1010 2699 preuves,
1036 2661 1060 2688 t.
1085 2656 1151 2700 ΙΙΙ,
1174 2654 1247 2691 col.
1268 2656 1331 2692 92.

305 2714 341 2750 9.
374 2713 563 2748 Plusieurs
582 2711 709 2748 lettres
729 2712 779 2747 du
801 2712 855 2747 roi
875 2712 939 2760 qui
959 2725 1053 2748 nous
1078 2721 1144 2749 ont
1163 2713 1220 2748 ete
1243 2715 1467 2752 conservees
1487 2720 1542 2762 (J.
1566 2723 1645 2758 Du-

252 2770 390 2819 clercq,
406 2770 431 2807 l.
451 2773 494 2816 V,
513 2770 572 2807 ch.
591 2770 696 2817 xxiij,
717 2778 752 2807 ct
766 2773 993 2807 Docunients
1006 2770 1157 2815 medus,
1177 2774 1380 2821 Me'latfgea,
1397 2781 1423 2810 t.
1440 2777 1506 2823 II),
1528 2790 1646 2827 prou-
