1923 3020
288 230 364 265 194
653 226 990 263 HISTORIARUM
1018 226 1254 262 LUDOV1C1
1281 227 1338 262 XI

289 318 413 381 pinis
448 325 494 361 et
527 315 666 360 variis
700 313 980 374 injuriarum
1024 311 1179 357 modis
1209 312 1418 358 affecisse
1456 322 1501 357 et
1539 314 1693 360 delio—

285 402 506 438 nestasse.

348 471 467 513 Cum
496 476 680 525 autem,
720 466 862 511 etiam
894 464 1064 510 talibus
1095 481 1193 510 non
1226 465 1462 525 contenti,
1499 481 1693 511 omnem

282 559 414 608 paene
450 542 760 606 temporalem
798 541 984 587 domini
1017 541 1086 587 sui
1118 541 1523 604 jurisdictionem,
1562 552 1608 588 et
1644 543 1692 587 in

280 621 484 679 civitate,
513 630 559 666 et
584 621 631 665 in
656 619 849 682 singulis
870 620 1030 682 patriae
1054 618 1187 677 locis,
1212 630 1257 665 et
1278 629 1431 666 totum
1453 636 1582 683 paene
1603 619 1690 665 do-

280 699 480 744 minium
519 712 747 761 usurpare
784 695 873 741 sibi
910 706 1225 756 conarentur,
1263 696 1358 743 hoc
1397 696 1690 743 dissimulare

276 776 472 821 minime
494 775 657 821 valens
679 774 756 820 ille
780 790 1033 837 generosus
1056 783 1102 819 et
1124 774 1453 837 magnanimus
1477 774 1547 819 sui
1569 790 1689 837 pon-

275 853 411 899 tificis
427 853 631 911 animus,
654 853 759 914 jura
778 851 982 898 ecclesiae
999 867 1117 910 suae,
1148 861 1242 896 tam
1269 851 1526 914 spiritualia
1545 867 1688 913 quam

273 931 535 989 szaeularia,
574 930 862 992 injuriasque
899 938 945 974 et
983 928 1071 974 sibi
1102 938 1147 974 et
1190 929 1285 974 suis
1325 928 1577 989 irrogatas,
1613 929 1688 974 via

267 1008 386 1070 juris
421 1007 675 1054 defendere
719 1016 765 1052 et
803 1005 1028 1069 prosequi
1067 1004 1261 1050 adortus
1298 1014 1382 1050 est.
1430 1008 1687 1051 Recurrens

271 1084 431 1147 itaque
464 1084 523 1131 ad
562 1083 873 1148 apostolicam
908 1081 1093 1141 sedem,
1126 1081 1397 1144 procuravit
1431 1080 1489 1126 al)
1521 1081 1686 1127 eadem

270 1162 477 1223 legatum
498 1160 762 1216 destinari¹‚
786 1160 867 1222 qui
887 1158 974 1204 sibi
997 1168 1042 1203 et
1066 1157 1271 1202 ecelesiae
1293 1174 1387 1203 suae
1418 1157 1475 1202 de
1495 1158 1612 1220 juris
1642 1168 1687 1204 et

265 1239 455 1301 justitiae
477 1238 690 1284 remedio
711 1235 1002 1300 provideret.
1027 1235 1120 1290 Qui
1143 1235 1401 1280 adveniens
1430 1235 1489 1280 ad
1517 1235 1685 1281 urbem

269 1318 618 1373 Treve1·0rum²‚
655 1315 858 1360 instante
888 1313 1138 1376 episcopt),
1169 1314 1561 1359 communitatem
1592 1330 1685 1360 suae

270 1390 468 1435 civitatis
491 1400 535 1435 et
559 1389 719 1453 patriae
742 1388 887 1433 totius
911 1386 999 1432 sibi
1029 1386 1254 1433 rebellem
1285 1388 1415 1432 citari
1446 1397 1490 1432 et
1515 1404 1686 1433 conve—

269 1468 370 1514 nire
394 1483 555 1513 coram
586 1483 635 1512 se
663 1466 712 1510 in
733 1465 837 1527 jure
866 1464 997 1521 fecit,
1021 1464 1153 1526 juxta
1179 1463 1340 1510 datam
1369 1464 1456 1510 sibi
1481 1465 1684 1510 formam

267 1555 407 1607 atque
429 1553 727 1607 potestatem.
758 1545 843 1587 Per
863 1541 1085 1604 syndicos
1105 1542 1262 1604 itaque
1283 1543 1329 1587 in
1352 1542 1458 1603 jure
1478 1543 1683 1603 legitime

265 1630 594 1685 comparentes
622 1630 667 1665 et
703 1619 849 1683 ipsius
885 1618 1008 1665 sedis
1040 1619 1309 1682 apostolicae
1343 1620 1510 1681 suique
1546 1619 1683 1682 legati

260 1698 577 1762 jurisdictioni
603 1714 650 1743 se
675 1696 1026 1753 submittentes,
1054 1706 1197 1758 atque
1217 1697 1284 1743 eis
1306 1712 1472 1760 parere
1497 1712 1683 1742 eorum-

266 1794 357 1840 que
389 1775 630 1822 sententiis
666 1783 711 1820 et
750 1774 950 1820 decretis
985 1790 1094 1819 cum
1130 1774 1347 1835 gravium
1379 1773 1683 1836 stipulatione

265 1871 514 1918 poenarum
548 1852 956 1916 repromittentes,
993 1867 1184 1897 causam
1214 1860 1379 1896 contra
1416 1867 1551 1895 suum
1584 1851 1683 1914 epi-

265 1948 465 1995 scopum
488 1947 630 1994 super
653 1928 870 1992 capitulis
897 1929 1082 1973 circiter
1104 1929 1266 1990 viginti
1295 1937 1498 1989 quatuor
1518 1928 1681 1989 (super

265 2008 437 2068 quibus
470 2024 551 2053 eos
582 2007 839 2070 impetens,
872 2005 930 2051 de
960 2005 1073 2069 ipsis
1096 2004 1402 2068 querebatur)
1429 2004 1679 2066 tranquille

267 2095 312 2128 et
337 2083 528 2146 pacifice
549 2083 667 2145 juris
690 2082 857 2127 ordine
882 2081 1238 2128 defendebant&

321 2234 335 2267 11
351 2262 359 2271 .
391 2235 557 2269 lnexact.
582 2231 697 2269 Louis
718 2231 764 2268 de
783 2229 964 2267 Bourbon
982 2243 1201 2279 commenca
1222 2243 1291 2280 par
1303 2230 1400 2277 jeter
1417 2228 1598 2267 l’interdit
1615 2244 1680 2268 sur

269 2305 309 2328 sa
329 2291 418 2327 ville
439 2290 606 2337 (janvier
626 2294 773 2338 146333
795 2291 879 2341 puis
899 2290 953 2327 les
972 2289 1145 2341 Liegeois
1162 2290 1265 2326 etant
1285 2290 1376 2327 alle's
1402 2303 1441 2327 se
1461 2290 1636 2340 plaindre
1659 2293 1679 2327 a

268 2354 404 2395 Rome,
427 2350 462 2386 le
482 2364 580 2400 pape
599 2350 739 2400 deputa
763 2350 797 2386 le
824 2350 923 2399 legat
953 2349 1046 2385 dont
1064 2348 1088 2384 il
1114 2357 1169 2386 est
1201 2349 1375 2399 question
1394 2349 1465 2398 ici,
1494 2349 1619 2399 lequel
1641 2363 1683 2387 se

268 2409 452 2447 nonnnait
471 2409 598 2445 l'icrrc
619 2411 774 2445 [ferm-i.
798 2408 989 2445 Adrianus
1006 2407 1053 2444 de
1071 2408 1357 2455 Veteri-Boset),
1374 2408 1467 2445 dans
1488 2408 1678 2457 l⁷AmJ2lls=

271 2471 360 2505 sima
380 2469 555 2514 collectio,
578 2476 604 2504 t.
628 2469 692 2515 IV,
713 2468 785 2504 eol.
812 2470 929 2505 1258.

320 2531 357 2564 2.
390 2528 419 2564 Il
442 2527 523 2564 rint
542 2526 702 2563 d'abord
722 2529 742 2562 a
760 2526 1096 2576 Aix-la-Chapelle
1116 2528 1175 2573 (31
1202 2540 1302 2563 mars
1321 2529 1335 2563 1
1352 2529 1438 2574 163)
1467 2540 1565 2577 pour
1584 2526 1676 2564 faire

267 2588 320 2624 les
342 2585 603 2623 informations
626 2584 872 2625 necess-aives.
897 2586 1037 2622 'si-eves
1060 2586 1115 2622 sut
1134 2586 1168 2622 lc
1186 2586 1261 2623 lieu
1284 2586 1333 2625 οὺ
1355 2586 1380 2622 il
1402 2600 1442 2623 sc
1462 2594 1675 2637 transporta

268 2660 366 2696 pour
386 2657 603 2696 prononcer
623 2644 659 2680 la
678 2651 867 2681 sentence.
899 2644 1040 2680 Ibidem
1053 2675 1063 2691 ‚
1084 2645 1157 2682 col.
1185 2647 1301 2682 1264.

323 2710 358 2742 3.
391 2703 626 2752 Delk'ndebat
643 2702 736 2739 dans
755 2702 790 2737 le
807 2715 877 2740 ms.
