1923 3020
761 262 906 298 LIBER
934 259 1201 299 SECUNDUS.
1609 261 1623 295 1
1636 260 1678 296 51

279 359 325 396 et
353 350 548 396 moveri.
586 352 806 395 Poterant
826 349 965 394 etiam
997 349 1096 411 ipse
1122 347 1216 393 dux
1243 346 1488 393 Britanniae
1511 356 1557 392 et
1581 347 1680 406 sui,

279 428 360 490 qui
381 428 572 490 majoris
592 427 739 490 partis
768 427 946 472 arcium
973 436 1018 471 et
1041 425 1286 472 civitatum
1318 434 1459 487 atque
1487 423 1687 487 oppido-

279 520 384 549 rum
408 504 724 562 Normanniae,
754 504 947 548 nomine
972 502 1122 557 ducis,
1151 500 1558 564 quemadmodum
1576 500 1688 546 dixi-

279 599 401 640 mus,
416 582 679 628 custodiam
702 592 747 628 et
759 582 978 628 saisinam
991 591 1309 644 susceperant,
1326 580 1686 627 interveniendo

278 662 410 708 ducis
435 662 744 724 possessi0ni¹
775 671 819 707 et
840 678 944 707 eam
975 661 1036 706 ad
1065 662 1239 722 regiam
1274 677 1468 706 manum
1494 660 1687 707 transfe-

278 737 452 797 rendO,
492 738 711 784 facillime
734 739 888 802 ipsum
912 738 1085 801 (prout
1113 737 1422 802 perfidissime
1447 737 1689 799 fecerunt)

277 831 359 860 sua
378 816 674 877 possessione
695 815 970 878 perturbare
996 824 1040 860 et
1062 814 1281 878 spoliare.

340 890 432 936 Sed
458 892 673 953 quamvis
702 892 748 937 in
789 891 912 937 dicta
947 890 1083 945 villa,
1121 907 1263 953 super
1299 889 1685 936 reconciliatione

274 967 418 1029 ipsius
436 966 568 1012 ducis
596 967 840 1012 Britanniae
867 966 1002 1011 multi
1026 982 1268 1011 sermones
1301 964 1449 1010 habiti
1482 965 1682 1023 fuerint,

275 1043 508 1105 fueritque
532 1060 558 1089 a
583 1044 765 1089 civibus
789 1053 831 1088 et
856 1041 1160 1106 primioribus
1180 1042 1340 1104 patriae
1364 1040 1537 1086 obnixe
1558 1058 1689 1104 roga-

274 1129 348 1165 tus
372 1120 604 1182 valdeque
634 1121 834 1165 comiter
867 1119 1088 1164 invitatus
1115 1127 1168 1163 ut
1189 1117 1359 1163 urbem
1384 1117 1565 1179 ingredi
1589 1119 1685 1164 vel-

273 1196 363 1255 let,
390 1213 478 1241 nec
503 1206 597 1242 tam
621 1196 785 1242 leviter
800 1205 845 1242 et
872 1213 959 1259 pro
990 1195 1120 1240 nulla
1146 1211 1307 1254 causa,
1335 1210 1438 1256 quae
1457 1193 1686 1241 hactenus

274 1273 573 1336 impertiisset
618 1272 845 1335 obsequia
885 1288 970 1318 sua
1003 1271 1314 1317 illustrissimo
1358 1270 1497 1328 duci,
1548 1271 1687 1317 vellet

273 1350 536 1407 omittere²‚
567 1359 638 1409 et,
673 1366 725 1396 ex
767 1358 894 1395 tanta
931 1348 1134 1395 amicitia
1168 1356 1309 1410 atque
1346 1346 1548 1405 foedere,
1591 1357 1684 1393 tam

271 1427 410 1472 arctis
444 1426 746 1471 sacramentis
772 1425 986 1482 firmatO,
1018 1425 1064 1469 in
1092 1423 1344 1470 adversum
1379 1423 1568 1485 penitus
1612 1440 1684 1469 re-

271 1503 416 1562 silire,
457 1503 627 1548 frustra
661 1512 819 1548 tamen
855 1511 900 1547 et
932 1502 1032 1547 sine
1071 1501 1225 1546 fructu
1263 1516 1430 1546 omnes
1460 1500 1686 1562 hujusce-

272 1580 404 1625 modi
436 1590 634 1625 conatus
671 1587 1029 1643 processerunt,
1070 1594 1157 1623 nec
1194 1576 1416 1641 precibus
1453 1576 1557 1622 ullis
1601 1587 1683 1622 aut

270 1656 677 1702 obsecrationibus
701 1666 769 1701 est
791 1656 1005 1701 inflexus.
1027 1655 1118 1711 Qui
1139 1655 1235 1716 jam
1252 1689 1263 1709 ‚
1293 1663 1342 1699 ut
1365 1653 1590 1712 diximus,
1621 1654 1681 1699 ad

270 1750 427 1796 regem
459 1750 548 1797 pro
584 1749 668 1779 sua
696 1732 1107 1788 reconciliatione,
1137 1731 1232 1776 suis
1257 1729 1566 1776 vehementer
1589 1731 1682 1776 sol-

269 1809 557 1856 licitantibus
580 1819 626 1855 et
651 1808 1024 1854 accelerantibus
1040 1845 1051 1866 ,
1079 1808 1416 1853 transmiserat.

336 1887 479 1949 Igitur
501 1903 607 1945 rex,
637 1887 890 1932 conciliato
915 1885 1004 1932 sibi
1037 1886 1246 1949 primum
1272 1883 1392 1929 duce
1417 1883 1647 1929 Borhonii
1666 1920 1677 1940 ‚

270 1974 319 2009 ut
357 1964 584 2021 diximus,
635 1963 807 2009 deinde
857 1979 970 2009 vero
1018 1961 1268 2008 Britanniae
1319 1960 1464 2019 duce,
1513 1960 1681 2007 videns

268 2040 458 2100 fratrem
482 2056 619 2084 suum
645 2038 868 2084 omnibus
898 2056 1030 2102 paene
1055 2037 1237 2084 auxiliis
1260 2037 1538 2082 destitutum
1561 2036 1681 2099 (erat

267 2118 394 2163 enim
417 2133 577 2163 comes
607 2117 665 2162 de
693 2116 956 2174 Clmrolozlc,
977 2126 1029 2161 ut
1054 2115 1258 2161 diximus
1277 2151 1287 2171 ,
1312 2114 1408 2177 jam
1437 2130 1546 2160 cum
1570 2131 1678 2160 0111-

267 2194 406 2240 nibus
439 2195 531 2240 suis
558 2194 705 2257 copiis
741 2193 801 2238 ad
836 2208 942 2238 suas
973 2202 1119 2239 terras
1157 2191 1479 2238 defendendas
1514 2208 1677 2239 rever—

267 2290 344 2319 sus
373 2273 596 2319 adversus
621 2272 825 2334 impetus
849 2281 892 2316 et
915 2271 1215 2316 insolentiam
1246 2269 1530 2315 stolidorum
1553 2269 1677 2316 Ebu-

267 2350 498 2410 ronum),
526 2365 635 2394 cum
681 2348 921 2409 diligentia
957 2364 1125 2410 magna
1162 2347 1525 2404 Normanniam,
1566 2363 1674 2393 cum

267 2425 490 2470 omnibus
518 2441 634 2487 quas
668 2424 844 2469 habere
874 2433 1055 2487 poterat
1094 2424 1267 2488 copiis,
1308 2433 1377 2469 est
1410 2439 1671 2485 aggressus.

269 2501 493 2558 Quotidie
526 2501 651 2546 enim
676 2500 764 2546 sibi
785 2500 1140 2563 adaugebantur
1166 2510 1209 2546 et
1235 2499 1509 2546 crescebant
1525 2534 1536 2556 ,
1564 2500 1675 2562 quia

322 2626 356 2661 1.
388 2625 654 2659 Possessioncm
682 2621 774 2658 dans
798 2621 833 2658 le
857 2634 926 2659 mS.
953 2623 1010 2659 On
1033 2621 1204 2672 pourrait
1231 2633 1439 2659 conserver
1467 2620 1683 2657 l'accusatif

266 2695 312 2719 en
330 2682 543 2734 corrigeant
563 2684 833 2718 interveniendo
852 2695 922 2733 par
940 2684 1219 2720 interm-tendo.

322 2743 360 2780 2.
394 2745 574 2778 Amittere
595 2741 690 2778 (lans
710 2741 744 2778 le
765 2753 834 2778 ms.

538 2861 555 2887 x-
