1923 3020
638 253 779 288 LIBER
807 252 1071 289 SECUNDUS.
1478 252 1491 284 1
1505 251 1552 284 75

163 338 381 397 fecerant,
409 339 643 402 fidemque
672 340 862 384 minime
886 347 1182 384 servaverant
1200 373 1210 392 ,
1238 347 1351 382 tunc
1376 336 1552 398 absque

161 416 378 461 cautione
400 416 582 478 potiore
606 415 721 461 fides
744 416 807 460 eis
830 415 991 460 habita
1012 431 1107 460 non
1133 424 1221 470 est;
1247 413 1325 458 sed
1348 412 1555 476 oportuit

161 502 212 537 ut
249 492 307 538 de
347 493 465 545 suis,
505 492 564 538 ad
602 492 832 538 delectum
871 491 1075 553 ejusdem
1118 491 1305 536 illustris
1341 490 1550 545 comitis,

163 568 348 615 obsides
388 568 725 629 quinquaginta
762 568 953 623 darent,
994 568 1072 629 qni
1112 583 1255 629 usque
1294 565 1351 610 ad
1400 565 1554 629 proxi-

164 644 323 690 mioris
343 643 589 689 solutionis
613 645 886 698 terminum,
916 643 1003 688 sub
1027 659 1170 688 manu
1195 643 1379 688 victoris
1404 657 1556 687 rema-

163 728 353 775 nerent3
379 718 610 765 solutione
634 729 789 765 autem
815 719 956 774 sacta,
983 719 1043 763 ita
1069 718 1196 763 abire
1224 718 1420 763 domum
1446 734 1555 780 pos-

162 805 286 852 sent,
314 804 565 858 postquam
590 795 665 841 alii
688 795 1023 858 quinquaginta
1055 794 1243 852 delecti,
1271 803 1321 838 ut
1351 794 1551 857 priores,

165 871 289 917 missi
310 870 498 917 obsides
526 872 716 917 forent¹.

227 950 282 993 Et
314 947 403 994 hac
434 949 551 1011 lege,
592 959 636 995 et
671 949 757 994 sub
789 949 924 994 certis
961 947 1117 993 multis
1154 947 1385 1010 capitulis,
1417 949 1556 1009 juris-

158 1024 345 1088 jurandi
381 1027 603 1089 religione
637 1026 854 1081 firmafis,
890 1025 949 1071 ad
981 1042 1085 1070 suas
1126 1024 1295 1070 domos
1334 1034 1379 1070 et
1423 1041 1557 1087 agros

162 1101 375 1164 permissi
408 1111 514 1147 sunt
543 1102 716 1159 abire‘23
753 1101 1080 1165 principesque
1113 1101 1312 1145 illustres
1345 1103 1554 1161 Burgun-

163 1177 389 1237 dionum,
435 1179 667 1242 permissis
705 1180 797 1224 suis
836 1177 1059 1224 militibus
1097 1178 1310 1240 proprias
1348 1187 1558 1239 repetere

164 1253 356 1313 domos,
385 1256 431 1300 in
457 1256 753 1301 Brabantiam
780 1254 1121 1317 triumphantes
1141 1263 1423 1299 remearunt.

227 1331 361 1376 Siluit
388 1331 544 1393 itaque
572 1341 684 1376 tunc
713 1330 771 1376 ab
802 1331 1034 1393 armisque
1065 1330 1241 1392 quievit
1270 1332 1557 1374 Francorum

163 1424 264 1465 rex,
299 1417 602 1470 spectareqne
637 1408 814 1452 otiosus
852 1407 1005 1470 potuit
1038 1407 1227 1451 Dinanti
1258 1406 1470 1452 flammas
1515 1416 1557 1451 et

164 1484 442 1529 stolidorum
476 1493 614 1546 atque
646 1486 990 1529 cervicosorum
1022 1482 1396 1528 humiliationem
1436 1482 1557 1528 Ebu-

163 1576 359 1617 ronum,
387 1561 517 1617 licet,
551 1570 601 1606 ut
628 1560 850 1617 diximus,
882 1561 1091 1622 ingentes
1118 1559 1348 1605 bellorum
1381 1560 1560 1605 fecisset

163 1646 438 1699 apparatus,
471 1654 589 1699 quos
618 1637 663 1681 in
698 1653 859 1682 eorum
886 1636 1227 1699 protectionem
1260 1645 1400 1698 atque
1429 1636 1558 1681 auxi-

164 1711 277 1757 lium
303 1730 588 1776 expensurus
609 1713 974 1759 existimabatur.
1004 1715 1056 1757 Et
1080 1713 1307 1776 profecto,
1332 1714 1369 1757 si
1392 1713 1561 1759 voluis-

165 1799 246 1845 set,
277 1800 460 1853 poterat
489 1790 618 1836 facile
643 1791 706 1836 eis
730 1790 954 1836 auxilium
980 1791 1233 1854 impertire,
1267 1790 1561 1853 Burgundio-

165 1883 376 1929 numque
406 1867 640 1930 principes
674 1877 811 1929 atque
844 1884 1006 1912 eorum
1044 1877 1190 1913 terras
1222 1869 1267 1912 in
1305 1868 1559 1913 maximum

166 1942 415 1988 discrimen
442 1943 692 1989 adducere.
734 1946 848 1989 Nam
873 1945 933 2003 si,
962 1960 1058 2006 quo
1088 1954 1301 2007 tempore
1331 1961 1440 1989 cum
1468 1944 1560 1989 suis

166 2018 363 2080 agebant
387 2021 533 2083 copiis
557 2019 681 2083 apud
706 2020 979 2078 Dinantum,
1004 2021 1098 2065 suis
1122 2020 1329 2083 undique
1352 2030 1561 2066 contrac-

167 2098 247 2155 tis,
278 2107 421 2143 terras
446 2097 666 2143 Picardiae
690 2097 845 2142 fuisset
868 2099 1151 2159 aggressus-³,
1180 2114 1423 2160 nunquam
1448 2107 1562 2142 tem-

222 2201 256 2235 1.
293 2216 309 2232 κ
341 2200 438 2236 C’est
471 2200 491 2234 a
523 2199 686 2246 sqavoir,
721 2205 841 2233 trente
874 2197 989 2234 deulx
1019 2198 1189 2234 hommes
1218 2212 1314 2248 pour
1346 2198 1381 2234 la
1410 2198 1480 2235 cite‘
1516 2199 1562 2236 de

166 2256 300 2308 Liege,
326 2256 391 2293 dix
420 2271 517 2307 pour
544 2257 578 2294 la
606 2256 695 2293 'ville
729 2256 774 2292 (le
800 2259 987 2307 Tongres‚
1019 2257 1075 2293 six
1099 2256 1198 2294 dela
1219 2257 1309 2293 ville
1340 2257 1386 2294 de
1418 2258 1561 2295 Sainct-

165 2318 264 2352 Tron
287 2323 322 2352 et
342 2316 399 2352 six
419 2315 464 2352 de
489 2316 524 2352 la
547 2315 637 2352 ville
657 2315 704 2351 de
727 2315 939 2358 Hasselt‚...
968 2314 1146 2364 lesquelZ,
1168 2329 1215 2351 au
1235 2314 1328 2352 bont
1348 2316 1395 2352 de
1416 2316 1505 2360 l’an,
1527 2325 1563 2353 et

167 2372 280 2422 qu'ilz
310 2375 483 2410 anroient
512 2374 607 2424 paye
639 2386 716 2422 ung
750 2382 976 2423 payement‚
1010 2374 1131 2410 iceulx
1166 2375 1367 2423 cinquante
1400 2375 1564 2412 seroient

167 2432 306 2481 quittez
332 2441 368 2468 et
399 2432 724 2478 retourneroient‚
750 2440 981 2480 moyennant
1011 2445 1084 2481 que
1115 2445 1211 2468 ceux
1241 2432 1287 2469 de
1314 2432 1446 2483 Licgc,
1482 2432 1562 2469 ains

167 2490 281 2539 qu’ilz
308 2491 527 2540 punissent,
555 2503 602 2527 en
629 2491 889 2527 renverroient
921 2490 1097 2527 d'aultres
1126 2490 1340 2540 cinquante.
1369 2508 1384 2522 »ι
1412 2494 1455 2527 Et
1483 2491 1564 2528 cela

169 2548 297 2587 devait
325 2563 363 2587 se
395 2550 592 2587 continuer
617 2549 712 2586 ainsi
739 2549 899 2586 d'annee
929 2562 975 2586 en
1008 2550 1129 2587 annee
1155 2550 1334 2600 jusqu⁷au
1361 2558 1565 2600 payement

169 2608 331 2659 complet
353 2608 418 2646 (les
443 2611 517 2645 6οΟ
533 2610 607 2645 000
631 2608 760 2644 florins
781 2607 949 2658 stipulcs.
971 2610 1006 2647 J.
1026 2609 1228 2659 Duclercq,
1251 2609 1272 2645 l.
1291 2611 1337 2656 V,
1358 2623 1390 2645 c.
1414 2622 1506 2646 ΠΗ.

222 2670 260 2707 ⁶2..
291 2671 343 2705 Le
366 2672 386 2704 Τ
409 2666 620 2718 septembre
645 2668 760 2704 1466.

225 2729 261 2765 3.
293 2726 426 2765 C'etait
443 2726 530 2764 bien
552 2726 587 2763 la
606 2739 648 2763 ce
668 2728 687 2762 a
708 2726 796 2775 quoi
817 2726 841 2762 il
861 2726 985 2774 visait,
1001 2735 1036 2763 et
1051 2735 1134 2764 tons
1154 2727 1207 2763 les
1225 2735 1453 2764 armements
1473 2727 1565 2764 dont
