1923 3020
684 237 826 272 LIBER
869 236 1107 281 QUARTUS.
1524 233 1598 268 365

197 324 387 369 tulimus
412 323 549 368 fuisse
578 324 800 369 comitem
818 322 1130 368 Sancti-Pauli
1154 359 1165 380 ,
1201 322 1235 366 si
1270 336 1377 366 eum
1405 319 1491 365 sub
1517 335 1600 365 sua

198 416 340 445 manu
364 399 539 444 habere
562 409 734 462 posset.
774 404 891 446 Eum
912 400 1038 445 enim
1060 401 1157 461 jam
1180 398 1324 460 longo
1350 406 1456 442 ante
1481 406 1599 442 tem-

198 494 312 541 pore
348 475 435 521 sibi
468 476 578 521 satis
616 486 883 539 suspectum
930 486 1070 538 atque
1108 491 1302 520 exosum
1339 473 1597 530 habuerat,

198 552 328 616 quod
353 568 449 596 non
474 551 561 596 sibi
586 569 640 598 ex
663 552 754 598 fide
778 553 1061 598 ministraret
1082 562 1222 614 atque
1239 551 1430 597 serviret
1451 587 1461 609 ,
1490 549 1597 609 sed,

198 628 323 674 velut
355 626 563 690 perfidus
595 629 951 691 praevaricator,
988 628 1130 672 ctiam
1165 644 1219 672 ex
1255 627 1437 672 diversa
1471 635 1602 690 parte

199 704 471 750 consisteret
509 713 553 748 et
586 713 751 748 contra
786 719 834 748 se
873 703 1055 748 occulte
1096 703 1296 765 plurima
1336 703 1596 748 moliretur.

199 783 312 837 Quae
350 779 459 825 odia
499 789 543 824 et
585 779 729 825 malas
762 779 820 824 de
862 796 909 825 se
950 780 1243 843 suspiciones
1283 779 1408 825 idem
1442 797 1602 827 comes

198 873 295 902 non
329 856 577 917 ignorans,
615 866 660 901 et
696 856 754 901 de
783 872 869 901 suo
903 872 1039 918 rege,
1080 856 1143 900 ob
1169 866 1462 918 patratorum
1495 873 1519 902 a
1556 873 1604 903 se

199 933 567 991 conscientiam,
597 932 816 978 diffidens
833 968 844 990 ,
872 931 1146 977 multotiens
1171 948 1197 977 a
1218 949 1324 995 rege
1348 944 1568 979 evocatus
1590 971 1601 993 ,

200 1010 270 1055 sui
290 1009 585 1073 praesentiam
607 1009 782 1065 facere,
807 1008 945 1054 variis
959 1024 1070 1053 usus
1092 1009 1499 1069 excusationibus,
1527 1010 1605 1055 de-

199 1096 446 1145 trectarat,
487 1102 671 1149 semper
707 1086 838 1147 juxta
880 1084 1077 1130 limitem
1112 1093 1343 1130 terrarum
1384 1086 1515 1131 ducis
1558 1103 1605 1131 se

200 1164 483 1223 continens,
513 1164 560 1208 in
587 1163 908 1208 munitissimis
932 1162 1092 1208 castris
1121 1179 1223 1225 quae
1254 1162 1346 1207 illic
1381 1162 1602 1209 habebat.

201 1242 322 1286 Sane
352 1257 460 1285 cum
490 1256 569 1285 rex
593 1238 849 1302 aliquando
881 1249 1108 1302 sperasset
1140 1256 1249 1285 eum
1277 1239 1365 1284 sibi
1397 1241 1606 1285 reconci-

202 1317 314 1363 liare
344 1316 588 1379 fidumque
613 1316 702 1362 sibi
728 1315 941 1377 efficere,
970 1317 1090 1362 inter
1125 1333 1206 1362 eos
1239 1316 1368 1362 locus
1393 1326 1608 1380 accepta-

203 1404 276 1441 tus
290 1395 630 1457 condictusque
647 1395 833 1454 fuerat¹,
853 1394 912 1440 ad
928 1411 1070 1458 quem
1087 1404 1284 1457 uterque
1298 1395 1605 1453 conveniens,

204 1472 324 1517 inter
356 1490 402 1518 se
436 1488 574 1535 super
609 1472 907 1518 concilianda
931 1472 1134 1518 amicitia
1168 1471 1461 1534 sinistrisque
1500 1471 1611 1517 abo-

203 1548 354 1594 lendis
378 1549 726 1613 suspicionibus
762 1549 992 1596 haberent
1022 1549 1356 1611 colloquium?
1385 1547 1477 1593 Sed
1514 1565 1610 1594 non

204 1626 315 1671 alias
336 1626 384 1671 id
410 1626 506 1688 regi
543 1642 752 1672 annuere
783 1626 909 1673 idem
941 1643 1100 1673 comes
1127 1626 1299 1684 voluit,
1334 1626 1420 1671 nisi
1445 1635 1490 1671 et
1514 1627 1612 1690 ipse

205 1702 265 1748 ad
288 1702 446 1748 locum
466 1738 476 1761 ,
501 1719 636 1766 {equo
657 1720 765 1749 cum
793 1721 899 1765 rege
922 1704 1125 1750 militum
1149 1720 1349 1749 numero
1383 1704 1580 1766 stipatus
1597 1741 1608 1763 ,

207 1780 366 1825 venire
413 1789 605 1844 posset,
658 1790 702 1826 et
748 1782 971 1844 repagula
1011 1798 1094 1828 seu
1134 1781 1282 1826 barrae
1324 1780 1614 1826 intermediae=

208 1859 370 1922 positae
397 1860 579 1916 forent,
617 1877 751 1922 quae,
787 1878 846 1906 ne
868 1860 979 1906 hinc
1010 1861 1121 1906 inde
1153 1869 1320 1906 contra
1356 1876 1404 1905 se
1439 1860 1614 1906 insilire

208 1945 424 1999 possent,
452 1936 776 2000 prohiberent.
815 1940 901 1984 Cui
935 1938 1096 1983 formae
1128 1947 1172 1983 et
1206 1936 1496 1996 conditioni,
1530 1937 1614 1983 ha-

209 2012 376 2060 bendae
412 2030 521 2059 cum
550 2014 719 2060 eodem
749 2031 834 2060 suo
870 2016 1032 2078 utique
1069 2014 1261 2060 subdito
1301 2030 1354 2060 ac
1389 2014 1616 2060 servitore

211 2089 563 2151 collocutionis,
592 2109 701 2137 curn
723 2109 801 2137 rex
827 2092 1156 2149 consensisset,
1179 2091 1290 2137 alias
1314 2082 1508 2136 minime
1531 2090 1616 2137 ha-

211 2165 321 2212 bere
340 2167 499 2213 valens
518 2184 604 2231 pro
625 2178 737 2213 tunc
755 2185 863 2213 curn
886 2169 985 2231 ipso
1004 2168 1308 2230 colloquendi
1327 2168 1612 2226 facultatem,

212 2243 302 2289 alte
323 2253 479 2290 tamen
500 2244 776 2307 hujusmodi
797 2245 1016 2307 injuriam
1036 2247 1131 2290 suis
1155 2244 1304 2290 infixit
1327 2246 1612 2308 praecordiis.

270 2428 305 2463 1.
336 2429 388 2464 Le
407 2439 495 2464 nom
515 2426 561 2464 de
583 2435 641 2464 cet
659 2426 808 2464 endroit
828 2435 881 2464 est
901 2427 998 2464 reste
1020 2440 1065 2464 en
1084 2426 1196 2465 blanc
1213 2427 1307 2465 dans
1325 2429 1378 2466 les
1395 2429 1619 2466 manuscrits

216 2493 252 2522 et
283 2485 441 2523 editions
471 2486 517 2523 de
543 2486 578 2523 la
604 2486 823 2536 Chronique
844 2486 1101 2525 scandaleuse.
1137 2489 1187 2525 Ce
1211 2488 1291 2524 doit
1319 2490 1398 2525 etre
1422 2490 1548 2538 Ognes
1570 2501 1620 2525 ou

215 2542 447 2592 Abbecourt‚
482 2545 631 2596 d'aprcs
662 2546 892 2593 Commines,
917 2545 982 2596 qui
1014 2546 1049 2584 le
1072 2546 1179 2597 place
1209 2563 1226 2580 α
1261 2549 1281 2584 ὸ
1308 2547 1398 2584 trois
1423 2547 1540 2585 lieues
1572 2547 1620 2584 de

216 2606 367 2654 Noyon,
387 2606 499 2644 tirant
529 2619 615 2643 vers
635 2606 670 2644 la
690 2608 799 2651 Fere,
821 2620 886 2644 sur
910 2619 985 2644 une
1005 2607 1122 2658 petite
1149 2607 1289 2644 riviere
1310 2607 1365 2655 (le
1387 2621 1432 2644 ru
1454 2606 1501 2644 de
1521 2609 1619 2644 Cau-

218 2668 351 2710 mont).
379 2681 396 2698 2>

272 2724 309 2759 -2.
342 2726 396 2760 En
421 2723 515 2760 avril
538 2725 654 2762 1474.
