1923 3020
772 212 911 246 LIBER
940 212 1133 248 PRIMUS.
1608 215 1648 247 19

258 295 536 350 habuerant,
565 312 706 358 quam
734 297 930 342 aliorum
953 298 1052 343 sine
1069 314 1271 343 numero
1295 300 1372 360 qui
1400 299 1457 343 ad
1483 299 1648 345 eadem

257 372 557 429 anhelabant,
584 390 685 435 quae
710 390 952 436 nunquam
976 390 1060 437 per
1077 375 1204 437 prius
1228 375 1486 421 tenuissent
1511 385 1651 438 atque

257 448 545 506 habuissent3
581 460 766 511 quantae
785 468 870 512 pro
896 451 1086 512 hujusce
1113 451 1250 496 rebus
1276 453 1652 514 importunitates

259 526 672 586 prosequentium3
719 536 892 587 quanta
923 527 1049 588 apud
1084 527 1319 582 diversos,
1365 530 1444 591 qui
1476 528 1653 590 aliquid

256 616 391 663 posse
417 600 543 662 apud
568 617 745 645 novum
774 618 931 662 regem
955 604 1364 663 existimabantur,
1393 606 1654 667 patrocinia

257 692 342 739 pro
359 675 478 720 votis
501 675 846 737 consequendis
872 678 1123 738 exquisita3
1152 689 1268 740 quot
1292 697 1511 741 munera,
1539 691 1656 743 quot

256 752 478 814 pecuniae,
502 762 618 813 quot
638 752 904 813 largitiones
922 761 1096 797 temere
1111 762 1156 797 et
1175 754 1459 802 infructuose
1474 757 1629 802 essusae
1641 793 1651 813 ‚

256 829 326 873 vix
365 828 458 873 ulla
493 828 760 873 elocutione
790 827 1076 873 sufficienter
1106 831 1285 874 narrari
1311 842 1483 893 posset.
1512 836 1657 879 Tanta
1706 833 1708 835 ’

255 907 379 950 enim
401 907 728 951 universorum
748 922 878 969 piene
899 906 1084 951 animos
1109 905 1217 951 talia
1237 906 1486 953 obtinendi
1504 909 1657 955 officia

255 981 450 1026 ambitio
495 981 759 1044 occupabat
804 992 942 1044 atque
982 981 1247 1038 detinebat,
1287 992 1358 1039 ut,
1406 1000 1492 1045 pro
1535 1000 1659 1030 asse—

255 1058 443 1120 quendo
469 1058 598 1120 quod
632 1057 883 1121 optabant,
908 1057 1027 1103 nihil
1050 1059 1238 1121 penitus
1270 1059 1553 1105 intentatum
1579 1077 1658 1106 re—

252 1135 544 1197 linquerent,
593 1135 724 1197 quod
753 1136 817 1180 eis
857 1135 917 1180 ad
953 1136 1240 1198 potiundum
1280 1137 1524 1183 desideriis
1566 1141 1660 1185 suis

254 1211 490 1273 suffragari
506 1228 643 1274 posse
657 1211 1013 1258 arbitrarentur.
1028 1216 1083 1258 Et
1097 1214 1431 1275 quamplurimi
1444 1216 1658 1278 quidem,

253 1298 295 1333 et
317 1298 440 1332 extra
466 1304 607 1349 quam
626 1289 753 1334 credi
781 1289 910 1335 facile
924 1300 1098 1353 posset,
1121 1307 1269 1353 usque
1294 1293 1340 1336 in
1358 1295 1659 1340 Hannoniam

253 1373 296 1409 et
317 1364 570 1409 Brabantiae
594 1364 724 1421 fines,
752 1376 993 1429 comperta
1019 1368 1159 1429 patris
1182 1377 1351 1424 morte,
1373 1370 1528 1414 statim
1548 1388 1660 1434 prae-

252 1450 507 1485 currerant.
534 1441 716 1496 Quibus
741 1458 870 1504 paene
897 1441 1117 1487 omnibus
1142 1460 1236 1488 una
1262 1453 1443 1490 tantum
1467 1463 1660 1510 respon-

252 1515 382 1560 sione
406 1516 686 1562 satisfactum
703 1518 878 1563 fuerat:
902 1518 1114 1563 videlicet
1140 1536 1296 1580 regem
1315 1521 1509 1568 minime
1527 1525 1656 1586 regni

253 1591 404 1637 officia
429 1591 788 1655 dispositurum,
816 1593 975 1654 quoad
1002 1593 1165 1639 urbem
1189 1612 1321 1641 suam
1349 1599 1655 1646 Parisiensem

253 1668 481 1729 ingressus
507 1669 639 1713 foret.
677 1672 871 1731 Propter
897 1670 1027 1730 quod
1054 1670 1275 1717 mirabilis
1305 1673 1365 1718 ad
1395 1674 1542 1737 ipsam
1573 1694 1654 1721 ur-

252 1745 358 1791 bem
396 1746 555 1791 talium
598 1746 958 1792 ambitiosorum
987 1763 1040 1792 ac
1082 1748 1364 1812 cupidorum
1398 1752 1650 1799 multitudo

252 1823 488 1868 confluxu.

318 1902 462 1944 Porro
488 1899 590 1944 licet
616 1899 783 1944 talibus
803 1900 867 1944 eis
891 1899 1164 1945 illuderetur
1188 1903 1439 1964 responsiS,
1468 1903 1648 1950 nihilo-

251 1975 406 2020 minus
429 1986 605 2031 tamen,
633 1986 739 2021 ante
758 1976 1015 2038 ingressum
1036 1977 1156 2022 illius
1178 1978 1326 2035 urbis,
1351 1995 1649 2044 quacumque

251 2052 337 2097 iter
354 2052 540 2109 faceret,
569 2052 627 2097 de
651 2052 940 2113 hujusmodi,
968 2053 1207 2115 potissime
1231 2054 1290 2099 sle
1314 2056 1649 2119 principaliori-

250 2127 337 2173 bus
359 2145 411 2175 ac
430 2128 733 2192 primioribus
754 2129 883 2190 regni
905 2127 1084 2185 officiis,
1110 2130 1208 2191 ipse
1232 2147 1308 2176 rex
1334 2132 1615 2195 disponebat
1634 2154 1642 2180 :

252 2214 431 2249 tanturn
456 2205 704 2267 indulgens
724 2206 843 2258 suis,
881 2204 960 2266 qui
985 2205 1025 2248 ei
1051 2205 1094 2249 in
1133 2206 1377 2253 Brabantia
1399 2219 1479 2254 aut
1503 2210 1612 2255 alibi
1633 2249 1643 2268 ‚

250 2279 365 2324 dum
391 2296 415 2325 a
438 2282 642 2343 paternis
666 2280 846 2325 abesset
868 2279 1058 2336 laribus,
1089 2282 1357 2342 servierant,
1387 2294 1464 2341 ut,
1494 2285 1647 2332 donec

250 2355 307 2400 ad
332 2356 590 2401 satietatem
617 2372 762 2417 usque
795 2355 955 2418 repleti
992 2366 1164 2415 essent,
1196 2358 1310 2403 ilihil
1341 2361 1518 2407 caetecis
1548 2378 1647 2407 esse

250 2433 626 2479 distribuendum
645 2442 866 2479 censeret.
886 2435 952 2477 Ex
970 2449 1064 2495 quo
1084 2434 1304 2480 effectum
1319 2447 1445 2483 estut
1461 2439 1646 2485 cuidam

251 2509 446 2554 domino
483 2510 542 2555 de
578 2509 987 2567 Monte—Albani¹‚
1030 2510 1322 2573 inexplebilis
1369 2516 1569 2559 avaritiae
1605 2525 1647 2559 et

305 2631 340 2664 1.
372 2631 464 2664 Jean
498 2627 544 2664 de
575 2628 827 2675 Montanium,
860 2629 1037 2680 seigneur
1069 2630 1204 2668 breton
1236 2632 1301 2680 qui
1329 2633 1464 2681 pas-*ait
1495 2647 1592 2681 pour
1619 2634 1652 2670 le

254 2686 454 2722 ineurtrier
479 2685 527 2722 du
554 2687 682 2736 prim-e
702 2687 817 2723 Gilles
839 2687 884 2724 dc
907 2692 1104 2738 Bretagne.
