1923 3020
299 241 374 277 248
661 212 995 287 HISTORIARUM
1022 237 1254 273 LUDovlc1
1281 238 1334 273 xl

298 329 354 375 lis
385 327 615 373 dictorum
647 324 861 368 locorum
898 322 1071 369 civium
1102 323 1285 369 animos
1317 323 1376 370 ad
1410 323 1696 373 deditionem

299 401 590 451 sollicitabat.

365 479 449 524 Cui
478 477 544 522 rei
575 475 789 537 gerendae
811 492 859 521 se
883 475 1146 521 ministrum
1170 485 1309 538 atque
1340 477 1699 523 instrumentum

300 555 402 601 fecit
451 569 609 598 comes
655 552 996 611 Sancti-Pauli,
1041 553 1505 599 connestabularius¹
1545 554 1700 601 dictus

303 631 526 687 Franciae3
569 630 676 691 qui,
712 645 861 692 prope
896 628 1169 690 hujusmodi
1211 629 1417 675 civitates
1448 640 1493 675 et
1525 630 1700 693 oppida

301 707 513 772 praesidia
545 708 747 752 militum
778 705 998 762 habens²‚
1031 705 1185 768 primo
1215 705 1406 768 quidem
1438 706 1618 752 civibus
1646 723 1700 752 ex

299 785 524 832 condicto
548 784 811 830 voluntarie
839 800 887 828 se
917 782 1198 828 dedentibus
1225 793 1270 828 et
1300 783 1386 828 sub
1410 784 1585 845 regiam
1604 800 1702 829 ma-

301 879 416 908 num
440 861 766 907 affectantibus
788 860 965 917 venire,
989 859 1219 923 oppidum
1238 861 1629 916 Sancti-Quintilii
1654 861 1700 905 in

302 938 625 995 Viromandia,
654 955 792 1002 supra
816 939 1125 982 Summonam
1143 937 1318 982 flumen
1343 937 1498 992 situm,⁷
1531 938 1704 1001 recepit

302 1026 440 1079 atque
464 1015 717 1072 introivit³,
739 1031 848 1060 cum
870 1014 1013 1070 nulla,
1035 1023 1085 1059 ut
1109 1014 1327 1071 diximus,
1353 1023 1458 1077 post
1479 1013 1604 1060 illam
1627 1032 1704 1060 so-

301 1096 505 1140 lemnem
539 1102 679 1155 atque
715 1102 809 1138 tam
839 1101 1122 1149 reverenter,
1150 1090 1276 1154 apud
1302 1094 1558 1151 Peronam,
1586 1093 1706 1138 inter

303 1187 458 1233 regem
494 1173 777 1215 Francorum
808 1178 853 1214 et
884 1167 1161 1230 Burgundiae
1195 1167 1388 1222 ducem,
1416 1178 1705 1213 sacramento

304 1247 574 1293 solemniter
598 1245 830 1291 firmatam
850 1254 1127 1308 perpetuam
1150 1259 1332 1306 pacem,
1357 1243 1623 1289 hostilitatis
1641 1254 1708 1289 at-

304 1341 395 1386 que
408 1322 637 1368 inferendi
651 1320 1064 1367 bellidenuntiatio
1079 1320 1234 1383 palam
1252 1321 1574 1383 praecessisset.
1595 1322 1707 1377 Quae

305 1402 342 1447 si
360 1401 679 1465 preeccssisset,
701 1415 799 1444 non
824 1408 891 1444 est
915 1397 1240 1444 arbitrandum
1265 1397 1394 1460 quod
1417 1398 1707 1460 Burgundio-

308 1493 421 1521 num
437 1477 531 1521 dux
546 1474 875 1538 hujuscemodi
896 1474 1128 1538 oppidum
1148 1484 1191 1520 et
1206 1474 1294 1519 alia
1310 1473 1552 1519 hostilium
1572 1484 1710 1521 terra-

309 1570 412 1598 rum
442 1553 704 1609 limitanea,
732 1551 910 1613 absque
930 1550 1130 1596 militum
1157 1550 1382 1614 praesidiis
1405 1561 1450 1596 et
1471 1551 1707 1610 custodia,

310 1630 588 1693 reliquisset.

378 1705 537 1764 Unde,
580 1704 689 1750 licet
725 1703 1054 1766 hujuscemodi
1096 1703 1327 1768 oppidum
1358 1706 1437 1751 tali
1474 1704 1712 1751 machina-

312 1791 472 1827 mento
501 1782 565 1827 sic
589 1780 648 1826 ab
678 1796 734 1825 eo
765 1779 1034 1838 defecisset,
1065 1797 1162 1826 non
1190 1781 1344 1826 statim
1372 1790 1529 1827 tamen
1558 1781 1713 1827 adhuc

311 1941 349 1976 sit
370 1939 403 1975 le
421 1939 495 1976 duc
514 1938 560 1975 de
579 1940 805 1988 Bourgogne
829 1949 904 1973 aux
925 1936 1091 1986 envoyes
1112 1936 1162 1973 du
1183 1937 1259 1984 roi,
1282 1936 1346 1985 qui
1366 1935 1518 1974 allaient
1537 1935 1590 1973 lui
1609 1935 1716 1972 offrir

310 1999 525 2049 reparation
548 1998 594 2034 de
614 2005 695 2034 tout
714 1997 749 2033 le
770 1996 971 2048 dommage
990 1997 1101 2033 cause
1121 2009 1189 2046 par
1208 1997 1397 2034 Warwick
1418 2012 1424 2033 :
1450 2013 1467 2030 c<
1487 1999 1600 2033 Entre
1620 2008 1715 2033 nous

311 2067 437 2095 autres
459 2055 720 2107 Portugalois,
744 2068 861 2092 avons
881 2069 956 2093 une
979 2064 1175 2093 coustume
1195 2055 1330 2093 devers
1351 2069 1469 2101 nous,
1493 2068 1566 2104 que
1589 2055 1717 2104 quand

314 2117 423 2155 ceulx
441 2130 514 2165 que
530 2129 625 2152 nous
644 2128 761 2152 avons
781 2123 888 2152 tenus
908 2117 927 2152 ἐι
943 2128 1013 2152 nos
1033 2115 1126 2152 amis
1147 2128 1185 2151 se
1204 2115 1283 2151 font
1301 2115 1394 2151 amis
1411 2117 1431 2151 a
1446 2127 1515 2151 nos
1532 2114 1715 2159 ennemis‚

314 2190 410 2214 nous
429 2177 480 2212 165
497 2175 769 2212 commandons
786 2177 805 2211 a
822 2184 906 2212 tous
924 2176 976 2212 les
992 2183 1077 2212 cent
1094 2174 1197 2211 mille
1214 2173 1357 2211 diables
1379 2173 1539 2212 d’enser.
1565 2191 1580 2205 »
1608 2191 1623 2205 «
1644 2173 1718 2209 Re-

315 2250 453 2287 ponsc,
485 2235 537 2271 dit
566 2235 797 2281 (Illastelain,
824 2248 899 2271 non
927 2248 994 2285 pas
1022 2234 1110 2271 bien
1138 2234 1238 2284 prise
1263 2233 1327 2269 des
1356 2246 1446 2283 gens
1476 2245 1637 2269 mesmes
1668 2232 1718 2269 du

314 2296 401 2333 duc..
427 2312 442 2326 n
465 2292 587 2341 (Part.
612 2296 678 2340 111,
696 2293 756 2332 ch.
780 2296 854 2330 199
870 2302 907 2330 et
925 2296 1029 2340 9200).
1048 2292 1251 2329 D'aillcurs
1266 2291 1500 2328 l'assemblee
1523 2291 1569 2327 de
1582 2294 1717 2339 Tours,

317 2369 384 2406 par
403 2354 469 2404 qni
488 2353 523 2389 16
544 2352 600 2389 roi
619 2366 656 2388 56
680 2353 719 2388 fit
742 2352 950 2404 decharger
967 2352 1017 2389 du
1035 2360 1200 2389 serment
1219 2351 1265 2388 de
1284 2352 1468 2398 peronne,
1488 2359 1524 2387 et
1541 2364 1608 2400 par
1625 2351 1720 2388 suite

317 2415 364 2451 de
383 2412 546 2462 laquelle
566 2411 601 2447 16
622 2410 693 2446 duc
716 2420 819 2459 requt
838 2425 912 2448 une
937 2411 1168 2463 assignation
1188 2424 1234 2447 en
1255 2409 1478 2460 parleinent,
1504 2409 1594 2446 dont
1613 2409 1638 2446 il
1660 2410 1720 2446 in-

317 2477 467 2510 caret-ra
484 2471 519 2507 le
536 2478 706 2520 portem,
722 2470 811 2506 ctait
827 2484 901 2508 une
916 2485 1090 2509 annonce
1108 2485 1210 2508 assez
1227 2472 1424 2509 manifeste
1440 2471 1505 2508 des
1521 2469 1716 2506 hostilite's.

317 2531 547 2576 Connnincs‚
563 2529 587 2567 1.
611 2531 681 2574 ΙΙΙ,
704 2529 764 2565 61ι.
788 2543 812 2567 1.

375 2595 412 2629 1,
448 2588 724 2627 Cmmestablias
744 2588 836 2624 dans
857 2588 891 2624 16
911 2602 982 2627 ms.

373 2655 411 2689 Ξ.
444 2653 546 2686 Dans
565 2661 623 2685 565
644 2647 827 2684 cliziteaux
850 2647 896 2684 de
918 2650 1013 2684 Ham
1034 2657 1069 2685 ct
1094 2648 1140 2685 de
1160 2648 1405 2686 Beaurevoir.

378 2713 413 2748 3.
445 2713 497 2746 Le
515 2710 562 2745 10
585 2706 784 2743 decembre
802 2709 917 2743 1470.
