1923 3020
292 239 312 272 Ξ
320 239 366 271 536
650 236 985 272 HISTORIARUM
1015 236 1248 272 LUDOVICI
1277 239 1333 272 XI

294 325 554 381 contendit,
592 334 637 368 et
676 324 734 369 ad
769 340 901 379 eam,
950 340 1085 369 xvni.
1133 324 1342 386 ejusdem
1380 324 1553 369 mensis
1587 324 1687 383 die,

291 403 529 465 applicuit.

358 480 442 523 Ubi
467 495 576 523 cum
599 478 897 523 intellexisset
921 478 1052 523 illum
1078 494 1301 539 magnum
1326 478 1508 523 hostem
1530 495 1684 537 suum,

290 555 615 619 proditionum
674 555 904 615 insignem
973 555 1279 615 magistrum,
1341 556 1562 600 comitem
1630 555 1689 600 de

292 633 543 691 ll'mw'clz,
593 633 638 677 in
685 633 821 677 certis
868 631 1039 677 finibus
1086 633 1215 693 regni
1261 650 1369 678 cum
1422 632 1689 695 ingentibus

290 710 437 772 copiis
458 725 650 772 campos
670 719 854 765 tenere,
885 709 942 754 ad
968 726 1077 754 eum
1109 709 1446 755 inveniendum
1470 709 1690 772 belloque

290 786 575 848 petendum,
629 803 736 830 cum
773 787 975 831 exercitu
1026 804 1111 831 suo
1154 787 1339 832 concito
1388 786 1534 848 gradu
1584 803 1689 849 per-

289 864 419 908 rexit.
462 863 551 907 Sed
588 880 695 907 cuni
732 862 806 908 ille
833 862 1037 926 perfidus
1072 864 1294 909 audiisset
1330 864 1482 927 ipsum
1518 863 1693 909 Edoar-

291 937 405 983 duni
446 940 864 1003 propinquantem,
909 955 1083 1001 pavore
1119 941 1378 995 exterritus,
1420 939 1538 986 infra
1577 940 1690 984 civi-

290 1024 431 1060 tatem
463 1019 865 1061 Conventrenseni
902 1020 909 1039 ¹

938 1018 1167 1062 munitam
1205 1034 1313 1062 cum
1349 1017 1442 1061 suis
1469 1016 1618 1079 copiis
1641 1031 1689 1060 se

292 1092 504 1148 reclusit,
535 1094 727 1137 minime
756 1110 897 1138 ausus
932 1103 1200 1156 exspectare
1238 1109 1543 1154 congressum
1565 1095 1592 1138 ².
1623 1092 1690 1137 Ad

295 1186 437 1231 quam
473 1186 581 1214 cum
619 1170 822 1215 exercitu
871 1169 1115 1215 Edoardus
1157 1168 1407 1228 advolans,
1448 1186 1572 1214 xxlx.
1615 1169 1690 1214 die

292 1246 500 1307 ejusdem
529 1246 716 1303 mensis,
743 1245 965 1290 eumdem
990 1261 1213 1307 magnum
1238 1262 1375 1290 suum
1396 1244 1689 1308 proditorem

291 1322 573 1380 summavit,
605 1332 672 1378 nt,
701 1323 737 1366 si
765 1322 822 1366 de
842 1322 1020 1384 justitia
1044 1322 1244 1384 querelae
1269 1338 1362 1367 suae
1397 1321 1684 1378 confideret,

291 1398 351 1444 ad
376 1398 698 1444 dimicandum
723 1408 768 1444 et
793 1398 1102 1462 praeliandum
1126 1399 1352 1462 prodiret.

355 1477 496 1532 Quod
545 1493 652 1521 cum
695 1476 769 1520 ille
809 1487 1059 1534 recusaret,
1102 1493 1188 1522 nec
1226 1476 1467 1540 praeliandi
1502 1476 1684 1539 copiam

292 1554 521 1599 ullatenus
547 1554 696 1599 facere
725 1553 878 1611 vellet,
910 1553 1187 1600 deliberavit
1209 1554 1334 1600 idem
1362 1553 1606 1600 Edoardus
1630 1553 1688 1598 ad

293 1632 448 1677 villam
486 1632 544 1677 de
583 1632 828 1690 ll'mw'cla,
865 1632 990 1677 unde
1020 1631 1147 1677 idem
1184 1632 1401 1695 proditor
1432 1647 1608 1677 nomen
1633 1631 1689 1676 ti-

293 1710 539 1771 tulumque
574 1708 877 1772 praeferebat,
923 1709 1177 1767 accedere,
1221 1719 1270 1754 ut
1310 1709 1383 1754 vel
1424 1709 1503 1754 tali
1545 1708 1689 1753 modo

292 1801 402 1829 eum
432 1784 491 1829 ad
528 1784 798 1829 certaminis
833 1782 992 1828 locum
1028 1793 1073 1828 et
1106 1783 1166 1828 ad
1202 1782 1555 1845 confligendum
1593 1782 1691 1827 ido-

300 1878 444 1907 neum
479 1861 684 1906 fortassis
719 1859 955 1905 attrahere
996 1871 1170 1924 posset.
1209 1863 1327 1906 Cum
1363 1869 1519 1906 autem
1553 1859 1598 1904 in
1639 1875 1693 1904 ea

294 1940 399 1985 villa
439 1950 573 1995 esset,
625 1939 684 1984 ad
733 1955 780 1983 se
819 1940 946 1984 venit
988 1938 1127 1984 frater
1163 1955 1273 1985 suus
1311 1938 1406 1984 dux
1432 1937 1691 1995 Clarentiae,

294 2034 434 2079 gener
472 2017 681 2081 praedicti
713 2016 880 2080 persidi
917 2017 1155 2076 ll'mw'cle,
1187 2033 1294 2062 cum
1328 2015 1525 2078 pulchra
1551 2014 1696 2059 comi-

295 2095 385 2139 tiva
420 2105 726 2140 armatorum.
769 2095 856 2139 Cui
891 2111 1000 2140 cum
1043 2094 1170 2139 idem
1193 2096 1205 2117 ³
1242 2093 1489 2139 Edoardus
1526 2091 1696 2137 obvius

299 2181 423 2216 extra
460 2172 616 2216 xillani
643 2172 701 2216 ‹le
739 2172 964 2217 lawr-escle
990 2171 1204 2227 exiisset,
1232 2187 1340 2216 cum
1363 2170 1455 2215 suis
1480 2168 1627 2232 copiis
1651 2176 1696 2212 et

295 2247 470 2292 vexillis
507 2249 722 2310 expansis
762 2246 1199 2310 (quemadmodum
1235 2247 1374 2292 etiam
1420 2245 1547 2291 idem
1596 2244 1696 2289 Cla-

296 2324 454 2369 rentiae
478 2323 572 2367 dux
609 2324 879 2385 veniebat),
922 2325 1041 2370 inter
1077 2324 1204 2386 ipsos
1243 2340 1329 2386 pax
1364 2332 1409 2367 et
1439 2319 1695 2368 concordia

350 2479 385 2512 1.
419 2478 622 2525 Coventry.

349 2539 387 2574 2.
419 2537 630 2574 Cliastelain
651 2537 684 2573 le
701 2545 785 2573 taxe
803 2538 901 2574 aussi
919 2538 965 2574 de
983 2538 1128 2574 lachete
1146 2554 1152 2572 z
1177 2555 1190 2569 «
1209 2537 1326 2574 Estoit
1344 2537 1463 2574 laiche
1483 2545 1519 2574 et
1538 2535 1694 2581 couard‚

297 2609 344 2632 ne
358 2609 524 2646 oncques
539 2609 585 2632 ne
597 2609 634 2632 se
651 2604 784 2631 trouva
796 2608 841 2631 en
858 2596 931 2632 lieu
945 2598 1019 2633 sors
1035 2597 1144 2632 sultis.
1155 2614 1171 2629 n
1184 2598 1300 2643 (Part.
1314 2599 1383 2643 III,
1398 2596 1457 2632 ch.
1470 2606 1694 2638 (mxxxvm.)

296 2656 509 2692 Commines
530 2655 584 2691 ‹lit
602 2655 636 2690 la
658 2656 779 2690 nis-me
797 2654 910 2691 chose
930 2668 976 2691 en
997 2664 1132 2692 termes
1152 2656 1235 2705 plus
1257 2656 1452 2693 honus-tes.
1476 2659 1546 2701 III,
1569 2659 1603 2691 7.

352 2718 385 2751 3.
420 2717 549 2750 Eidem
571 2714 664 2751 dans
684 2714 717 2750 lo
737 2727 804 2751 ms.
