1923 3020
293 200 366 235 356
654 191 992 230 HISTORIARUM
1021 190 1255 226 LUDOVICI
1284 190 1341 225 XI

291 284 395 343 dia»,
418 284 521 329 licet
543 276 904 325 Coloniensibus
923 276 1059 322 valde
1078 277 1254 336 invitis,
1280 276 1328 320 in
1354 290 1560 338 quorum
1581 276 1692 320 civi-

291 374 431 409 tatem
467 360 648 424 praeda,
692 368 741 404 ut
782 357 985 404 diximus
1022 356 1182 420 [ducta
1211 353 1402 419 suerat],
1439 365 1501 416 et,
1538 354 1695 418 quoad

290 438 414 502 [fuit]
440 437 657 497 facultas,
682 436 746 482 eis
771 433 1107 482 renitentibus.

737 633 807 677 CA
817 631 1026 676 PITULU
1035 631 1079 675 M
1114 632 1216 675 XVI
1227 664 1236 675 .

286 772 441 815 Qualiter
455 770 567 803 statim
585 778 663 815 post
678 768 749 802 dux
766 768 976 815 Burgundiae
989 767 1083 801 venit
1094 767 1279 810 Calesium,
1291 766 1366 809 ubi,
1382 766 1503 799 habito
1522 765 1697 810 colloquio

332 838 411 860 cum
429 823 610 864 Edonum,
633 823 828 868 Anglorum
845 835 939 867 rege,
958 820 1092 854 sororio
1110 833 1187 862 su0,
1205 819 1357 853 discessit
1374 831 1489 851 versus
1506 818 1697 851 Lotharin-

335 879 446 924 giam3
466 886 498 910 et
517 878 713 923 Anglorum
737 890 797 910 rex
824 889 904 909 cum
924 875 1077 909 exercitu
1102 887 1164 907 suo
1191 873 1284 906 venit
1307 885 1414 918 usque
1433 873 1618 914 Peronam,
1640 872 1699 905 uhi

332 932 447 966 statim
465 944 545 965 cum
568 932 786 965 Francorum
808 943 887 975 rege
906 938 1042 975 treugas
1063 928 1160 969 fecit,
1180 936 1213 960 et
1231 926 1275 959 ad
1298 926 1443 972 propria
1459 938 1616 959 reversus
1635 934 1698 961 est.

356 1052 460 1106 Qua
484 1049 604 1095 facta
628 1047 940 1106 restitutione,
968 1054 1219 1090 moverunt
1240 1042 1479 1088 hincinde
1505 1053 1550 1088 et
1573 1043 1700 1089 abie-

292 1137 404 1174 runt
439 1127 669 1172 exercitus
699 1135 740 1171 et
778 1124 1011 1188 principes
1047 1121 1105 1166 ad
1143 1121 1372 1184 pi·opria¹.
1413 1122 1469 1163 Et
1508 1119 1701 1182 quidem

295 1205 569 1251 festinanter
594 1200 984 1264 Burgundionum
1019 1198 1111 1243 dux
1149 1197 1196 1242 in
1234 1195 1502 1242 Flandriam
1537 1212 1704 1260 prope-

292 1281 425 1327 rabat
460 1297 569 1326 cum
604 1278 763 1342 paucis
794 1275 1065 1321 domesticis
1091 1274 1211 1329 suis,
1241 1272 1511 1334 relinquens
1548 1272 1705 1335 copias

292 1375 399 1404 suas
422 1359 468 1403 in
493 1356 613 1419 agris
636 1353 991 1412 Leodiensibus,
1021 1349 1513 1413 Luxemburgensibus
1533 1359 1579 1395 et
1598 1350 1707 1395 vici·

295 1453 466 1482 narum
490 1444 736 1479 terrarum.
773 1430 994 1476 Audierat
1017 1430 1144 1475 enim
1170 1429 1267 1491 jam
1297 1427 1531 1473 Calesium
1557 1444 1705 1492 appu-

294 1512 399 1557 lisse
422 1510 658 1556 sororium
673 1524 829 1566 suum,
855 1505 1112 1568 Anglorum
1131 1521 1306 1567 regem,
1327 1520 1526 1566 suasque
1546 1504 1705 1567 copias

297 1588 458 1634 dietim
477 1604 531 1632 ex
551 1584 713 1646 Anglia
735 1584 792 1630 ad
820 1600 867 1629 se
891 1583 1118 1646 trajicere.
1139 1581 1211 1628 Ad
1228 1581 1361 1643 cujus
1381 1581 1520 1626 etiam
1540 1597 1706 1626 occur·-

299 1681 402 1710 sum
424 1665 521 1726 jam
545 1679 652 1708 eum
682 1670 969 1725 praevenerat
991 1659 1188 1705 domina
1211 1658 1424 1716 ducissa,
1452 1657 1565 1702 dicti
1590 1657 1707 1719 regis

300 1758 452 1796 soror,
477 1739 625 1786 multa
649 1738 1039 1784 vestimentorum
1063 1745 1344 1782 ornamenta
1365 1735 1585 1798 variaque
1608 1751 1709 1780 mu-

300 1835 413 1863 nera
445 1834 606 1863 secum
637 1815 876 1874 deserens,
911 1813 1083 1876 quibus
1120 1813 1307 1859 fratrem
1339 1829 1475 1858 suum
1508 1828 1709 1874 suosque

303 1905 492 1942 ornaret.
513 1905 654 1958 atque
671 1893 948 1939 honoraret.
973 1894 1091 1937 Cum
1112 1900 1271 1936 autem
1290 1890 1430 1935 etiam
1451 1889 1509 1934 ad
1531 1889 1709 1934 dictum

304 1974 537 2019 Calesium
575 1971 873 2017 adventasset
909 1967 1300 2031 Burgundionum
1339 1966 1431 2012 dux
1449 2004 1460 2022 ,
1501 1981 1610 2011 eum
1649 1966 1709 2011 ad

307 2050 463 2113 plures
489 2049 588 2095 dies
613 2047 895 2095 associavit2.

372 2129 423 2171 ln
449 2125 644 2188 quihus,
673 2141 782 2170 cum
807 2123 865 2169 de
890 2123 1073 2169 ratione
1099 2131 1145 2167 et
1167 2121 1334 2167 ordine
1355 2120 1712 2166 administrandi

308 2200 417 2246 belli
442 2201 638 2261 longum
658 2201 767 2246 satis
793 2200 914 2245 inter
937 2216 983 2244 se
1004 2197 1294 2260 colloquium
1316 2197 1624 2254 miscuissent,
1649 2196 1713 2242 fe-

308 2277 499 2324 rebatur
534 2278 654 2322 inter
682 2294 763 2323 eos
794 2277 1070 2322 condictum
1105 2285 1177 2335 ut,
1204 2274 1431 2338 quoniam
1462 2274 1713 2320 amborum

308 2355 537 2401 exercitus
561 2363 605 2399 et
629 2355 774 2415 copia:
800 2354 1137 2416 utrorumque⁸
1162 2351 1300 2397 simul
1326 2353 1370 2397 in
1392 2351 1556 2397 eadem
1580 2351 1715 2414 plaga

361 2494 397 2527 1.
431 2494 482 2528 Le
502 2491 550 2526 27
573 2488 656 2536 juin
680 2491 795 2524 1475.

359 2554 396 2588 Ξ.
429 2551 479 2587 Ils
503 2550 689 2587 restcrent
709 2547 922 2593 ensemble‚
946 2556 1024 2584 tant
1042 2550 1061 2584 a
1079 2548 1200 2585 Calais
1220 2549 1308 2597 qu’a
1332 2547 1496 2593 Guines,
1518 2546 1568 2583 du
1596 2548 1644 2582 14
1667 2558 1712 2581 au

307 2614 354 2647 19
371 2611 497 2658 juillet
519 2611 636 2646 1475.
663 2607 821 2658 Lenglet
840 2608 1072 2654 Dufresnoy,
1097 2609 1317 2653 Commines,
1337 2615 1361 2642 t.
1387 2610 1455 2651 ΙΙΙ,
1480 2620 1518 2655 p.
1543 2608 1631 2642 217.

361 2672 396 2707 3.
431 2669 555 2706 Plutot
575 2671 776 2714 utriusque.
