1923 3020
726 235 864 270 LIBER
897 234 1110 269 TERTIL'S.
1538 235 1612 269 237

281 339 398 381 Cum
419 346 573 382 autem
593 336 716 381 idem
743 337 951 395 nuntius,
979 336 1209 382 dictarum
1234 335 1419 397 bajulus
1442 335 1613 380 littera·

216 429 338 470 runi,
358 412 588 475 oppidum
609 413 826 470 He.s·‹lfuc‚
848 414 893 458 in
919 430 1014 475 quo
1039 414 1255 476 praesatus
1277 413 1498 458 dominus
1519 412 1614 457 dux

218 499 316 534 tuni
350 506 459 534 cum
495 506 580 534 suo
610 490 833 536 comitatu
870 490 1058 551 agebat,
1086 490 1296 552 quodam
1334 489 1408 534 die
1443 489 1614 535 mensis

217 564 420 611 octobris
437 568 464 623 ¹,
491 567 588 611 sole
612 568 706 629 jani
730 567 788 612 ad
814 583 1032 612 occasum
1058 577 1296 628 vergente,
1323 567 1612 631 propinqua-

215 653 309 701 ret7
333 660 414 688 seu
440 644 622 689 sceleris
649 645 891 690 atrocitate
917 644 1208 706 perterritus,
1232 661 1310 689 seu
1336 644 1420 689 alia
1451 644 1614 706 quavis

214 719 395 765 ratione
431 730 510 766 aut
544 722 815 767 necessitate
850 719 1147 783 compulsus,
1184 720 1336 766 noluit
1370 721 1430 766 ad
1460 722 1614 784 ipsum

215 796 470 859 oppidum,
496 797 602 842 licet
634 798 680 842 in
713 798 880 843 eodem
916 798 1013 843 sore
1045 797 1181 842 sciret
1212 797 1343 841 illuni
1375 797 1433 842 ad
1473 814 1614 860 quem

214 872 386 920 litteras
406 885 450 919 et
474 876 692 920 nuntium
716 873 1051 921 insinuandum
1082 873 1342 932 deferebat,
1367 874 1610 932 accedere;

214 949 296 994 sed
322 950 439 996 sorte
464 961 649 1014 reperto
681 952 787 997 satis
819 967 966 1014 prope
1000 949 1231 1013 oppidum
1265 949 1474 1011 quodam
1511 968 1614 996 rus—

215 1027 331 1085 tico,
371 1029 450 1091 qui
486 1029 566 1074 illo
600 1028 822 1092 pergebat
853 1037 897 1073 et
935 1044 983 1072 se
1023 1026 1298 1072 bastardum
1338 1027 1614 1088 Burgundiae

213 1105 455 1166 cognitum
474 1105 645 1151 habere
663 1104 862 1161 dicebat,
878 1103 1052 1148 litteras
1071 1104 1111 1148 ei
1130 1103 1187 1149 ad
1209 1120 1318 1148 eum
1338 1103 1613 1151 deferendas

213 1183 565 1228 commendavit
583 1193 628 1228 et
653 1181 841 1228 tradidit
872 1199 880 1225 :
911 1180 1148 1226 affirmans
1170 1196 1216 1224 se
1248 1189 1360 1224 tunc
1385 1197 1470 1242 pro
1497 1198 1611 1243 qua·

213 1258 323 1304 dam
355 1260 462 1305 satis
485 1260 631 1305 ardua
654 1258 845 1304 materia
875 1274 1063 1302 necesse
1086 1256 1260 1302 habere
1284 1256 1343 1301 ad
1367 1258 1613 1303 Sanctum-

212 1336 530 1382 Odomarum2
552 1337 791 1381 celerrime
815 1334 1067 1398 proficisci,
1099 1343 1145 1378 et
1173 1343 1425 1397 propterea
1448 1334 1612 1379 Hesdi-

212 1428 332 1457 num
350 1413 532 1474 ingredi
556 1423 667 1457 tunc
688 1412 883 1457 minime
906 1427 1059 1474 posse.

278 1490 489 1535 Rusticus
520 1500 699 1547 autem,
728 1488 954 1551 susceptis
983 1487 1167 1543 litteris,
1198 1487 1353 1532 statim
1381 1487 1501 1533 utin
1527 1504 1613 1550 op-

210 1566 323 1629 pido
357 1567 463 1625 fuit,
500 1583 576 1612 eas
607 1566 803 1612 domino
831 1566 1080 1622 Antoni0³‚
1108 1565 1248 1610 etiam
1283 1565 1485 1612 naturali
1517 1565 1612 1610 tilio

212 1642 420 1688 defuncti
450 1643 652 1706 Philippi
685 1652 730 1687 et
759 1658 982 1704 germano
1018 1642 1159 1687 etiam
1195 1641 1414 1687 moderni
1449 1642 1608 1701 ducis,

213 1720 522 1782 praesentavit.
552 1720 643 1775 Qui
674 1736 783 1764 cum
806 1735 882 1764 eas
905 1719 1153 1782 recepisset
1184 1728 1325 1781 atque
1357 1719 1614 1782 aperuisset

214 1807 258 1842 et
282 1797 480 1860 legisset,
502 1796 628 1861 apud
649 1813 695 1841 se
716 1812 883 1858 magna
902 1796 1212 1842 admiratione
1232 1795 1455 1859 suspendi
1475 1797 1614 1858 coepit

215 1875 442 1938 quidnam
493 1875 651 1920 arcani
674 1910 685 1931 ,
738 1873 825 1918 sub
871 1873 1125 1919 verborum
1182 1874 1506 1938 integumento
1565 1873 1611 1918 in

214 1952 390 1998 eisdem
429 1951 663 2010 contenti,
706 1960 952 2013 tegeretur.
985 1949 1125 2006 Quod
1159 1949 1385 2012 suspicari
1418 1949 1612 1994 minime

215 2030 392 2086 valens,
432 2029 588 2074 statim
621 2027 751 2090 quod
788 2044 884 2072 non
916 2027 974 2072 ad
999 2043 1073 2083 se,
1101 2025 1184 2071 sed
1209 2025 1268 2071 ad
1292 2025 1574 2071 Balduinum
1595 2061 1607 2082 ‚

213 2105 486 2152 bastardum
517 2104 790 2168 praefatum,
818 2104 1044 2149 deberent
1073 2102 1231 2164 dirigi,
1261 2103 1492 2164 conjicere
1518 2120 1610 2149 coe-

212 2183 307 2244 pit3
341 2200 450 2228 nam
475 2182 808 2244 superscriptio
833 2181 1033 2225 exterius
1058 2188 1237 2224 tantum
1261 2178 1465 2225 habebat
1493 2200 1513 2221 (ε
1542 2180 1610 2225 Ad

212 2259 460 2305 dominum
482 2258 756 2304 bastardum
779 2257 1070 2319 Burgundiae,
1093 2275 1114 2298 ›>
1139 2256 1219 2318 qui
1243 2255 1403 2301 titulus
1423 2258 1610 2320 utrique

212 2336 526 2380 communiter
551 2334 689 2396 vulgo
715 2333 916 2378 adscribi
939 2332 1134 2378 solebat.

266 2484 300 2517 1.
333 2482 508 2532 Corrigcz
537 2479 754 2523 novembris,
786 2478 965 2528 pilisque,
996 2476 1099 2513 selon
1127 2476 1162 2513 le
1188 2476 1261 2513 duc
1285 2476 1332 2513 de
1359 2479 1607 2528 Bourgogne,

209 2543 301 2577 Jcan
331 2540 376 2576 (le
403 2541 541 2577 Cliassa
567 2538 725 2589 expedia
751 2552 817 2574 son
843 2538 993 2573 homme
1018 2554 1031 2567 «
1056 2549 1104 2573 un
1127 2536 1215 2581 jour
1241 2550 1288 2572 ou
1318 2536 1417 2573 deux
1439 2546 1553 2573 avant
1574 2538 1608 2574 la

212 2601 474 2638 Saint-Niartin
495 2600 657 2635 ‹l'hiver.
679 2615 693 2631 »

264 2662 301 2695 ⁶2.
333 2660 588 2696 Saint-Oiner.

265 2721 299 2755 3.
331 2722 382 2756 Le
407 2717 692 2756 Grand-batard
716 2716 762 2753 (le
781 2719 1019 2767 Bourgogne.
