1923 3020
736 235 878 270 LIBER
906 234 1149 280 QUARTUS.
1569 233 1643 267 359

243 322 602 369 exsaturandam
623 323 798 367 ventris
818 321 1072 383 ingluviem
1092 320 1306 366 dietenus
1329 320 1507 383 replere
1531 319 1648 365 cibis

243 409 288 444 et
311 398 500 462 potibus
529 399 575 442 in
600 399 740 444 natali
764 398 865 443 solo
893 397 1160 454 assuefacti,
1189 397 1277 442 nisi
1303 396 1422 442 serro
1448 397 1647 459 conqui-

242 484 418 530 rerent,
448 475 633 536 copiam
661 474 752 520 illic
788 491 887 519 non
911 473 1141 518 haberent
1160 509 1171 530 ‚
1199 483 1383 533 treugas
1408 472 1648 519 triduanas

242 568 323 596 seu
357 550 693 612 quatriduanas
717 567 743 596 a
770 567 875 611 rege
904 553 1195 595 Francorum
1224 550 1464 612 postulare
1486 549 1643 613 coepit.

242 630 367 671 Intra
385 642 521 688 quas,
547 643 655 672 cum
680 628 819 672 etiam
843 626 1064 671 alimenta
1087 625 1175 670 sibi
1199 642 1381 688 suoque
1405 626 1646 682 exercitui,

243 713 291 747 ut
323 720 479 748 emere
508 703 689 762 liceret,
721 720 748 749 a
778 703 967 747 Francis
993 703 1310 765 impetrasset,
1343 704 1497 748 statim
1517 703 1647 765 jussu

240 782 525 824 Francorum
554 781 673 841 regis
698 789 740 824 et
767 779 991 824 alimenta
1025 787 1070 823 et
1095 778 1205 824 vina
1230 778 1408 840 Anglici
1433 780 1479 824 in
1505 779 1653 825 abun-

239 857 398 903 dantia
436 857 722 903 habuerunt.
764 859 869 912 Qua
903 855 962 901 de
999 872 1048 900 re
1084 856 1344 919 plurimum
1380 856 1647 916 exhilarati,

239 934 380 979 etiam
401 933 460 978 de
480 950 610 997 pace,
635 942 713 978 aut
735 932 988 995 prolixiore
1008 940 1186 993 treuga,
1210 938 1459 977 tractatum
1477 932 1652 978 habere

239 1020 501 1074 coeperunt.

303 1090 452 1151 Super
484 1104 580 1150 quo
613 1104 721 1133 cum
757 1086 913 1150 plures
946 1085 1203 1148 absumptae
1227 1084 1418 1131 fuissent
1453 1088 1573 1133 inter
1605 1105 1653 1134 se

238 1165 579 1222 dies¹71a11de1n
592 1165 651 1210 ad
667 1173 877 1225 treugam
898 1172 1077 1226 septem
1096 1171 1176 1207 aut
1193 1177 1366 1206 novem
1377 1167 1647 1220 annorum²‚

238 1241 415 1303 absque
436 1242 553 1287 scitu
578 1241 968 1303 Burgundionum
992 1238 1144 1297 ducis,
1168 1249 1531 1298 concurrerunt3
1560 1257 1652 1303 qua

238 1328 414 1375 tamen,
438 1318 474 1362 si
493 1317 629 1363 vellet
646 1317 741 1362 dux
762 1318 878 1380 ipse,
901 1317 1111 1362 similiter
1128 1315 1349 1379 potiundi
1370 1325 1650 1379 potestatem

238 1394 449 1440 haberet.
488 1395 678 1439 Interim
712 1404 870 1439 autem
903 1409 990 1456 pro
1030 1392 1268 1456 praetensis
1301 1408 1328 1437 a
1363 1409 1411 1437 se
1441 1393 1648 1454 juribus,

237 1482 332 1517 tam
357 1471 416 1516 ad
446 1488 643 1533 regnum
667 1481 712 1516 et
734 1470 951 1516 diadema
975 1470 1180 1515 Franciae
1204 1485 1346 1531 quam
1372 1469 1430 1514 ad
1454 1469 1652 1517 ducatus

238 1550 539 1595 Normanniae
562 1559 607 1595 et
631 1549 904 1612 Aquitaniae,
934 1548 1130 1594 deberet
1150 1547 1391 1594 exsolvere
1411 1564 1490 1593 rex
1510 1551 1650 1595 Fran-

237 1642 404 1672 corum
433 1627 690 1688 Anglorum
720 1627 814 1689 regi
846 1626 1189 1688 quinquaginta
1217 1625 1363 1670 millia
1390 1635 1521 1671 scuta
1548 1628 1646 1672 auri

237 1705 517 1765 quotannis,
550 1705 671 1749 inter
703 1720 784 1749 605
817 1705 959 1749 etiam
989 1704 1242 1749 contractis
1268 1702 1566 1766 sponsalibus
1591 1704 1650 1750 de

237 1779 331 1825 filia
366 1781 486 1844 regis
520 1781 800 1844 Anglorum‚
848 1781 1166 1844 primogenito
1200 1784 1488 1825 Francorum
1529 1781 1650 1842 regis

237 1858 541 1903 matrimonio
566 1858 852 1921 copulanda.

302 1937 357 1979 Et
381 1952 437 1981 eo
464 1936 586 1980 inter
606 1952 705 1981 sese
729 1936 790 1981 ita
816 1952 1040 1999 percusso
1066 1934 1258 1990 foedere,
1288 1935 1545 1995 Anglorum
1570 1953 1649 1981 rex

237 2027 345 2056 cum
363 2012 455 2057 suis
475 2011 741 2074 ingentibus
761 2013 908 2076 copiis
929 2013 1108 2074 integer
1125 2020 1169 2056 et
1190 2010 1371 2070 illaesus,
1392 2010 1520 2057 nulla
1540 2029 1647 2057 cum

236 2087 451 2134 hostibus
483 2090 816 2152 congressione
849 2089 969 2135 facta
994 2105 1081 2134 nec
1106 2088 1202 2133 ullo
1224 2089 1479 2134 certamine
1502 2098 1649 2135 atten-

238 2173 334 2210 tato
371 2166 586 2228 quidem,
622 2167 871 2223 remensis,
904 2183 988 2229 per
1017 2182 1136 2228 quos
1163 2175 1376 2223 venerat,
1411 2167 1553 2229 agris,
1587 2168 1647 2212 ad

238 2242 467 2305 oppidum
484 2261 622 2289 suum
636 2244 868 2289 Calesium
886 2252 930 2289 et
947 2244 994 2288 in
1015 2242 1225 2305 Angliam
1243 2242 1469 2306 repedare
1484 2245 1642 2308 coepit.

292 2419 326 2453 1.
357 2415 389 2452 Il
414 2424 467 2452 est
490 2418 510 2453 a
541 2429 765 2466 remarquer
784 2417 830 2454 ici
853 2430 928 2467 que
957 2417 1119 2454 l'auteur
1148 2416 1298 2455 semble
1321 2418 1471 2455 n’avoir
1501 2431 1567 2468 pas
1600 2432 1647 2456 eu

235 2474 502 2512 connaissance
533 2475 584 2512 du
614 2485 852 2525 cainpement
880 2476 946 2513 des
977 2476 1132 2528 Anglais
1167 2477 1313 2515 devant
1332 2477 1513 2525 Amiens,
1538 2477 1578 2514 ni
1600 2477 1648 2515 de

233 2533 445 2570 l'entrevue
469 2534 534 2571 des
554 2535 653 2571 deux
674 2535 749 2571 rois
766 2537 786 2571 Ξι
806 2535 1029 2585 Picquigny.

289 2593 327 2629 2.
360 2594 463 2629 Cette
489 2595 593 2629 treve
621 2594 709 2630 c'tait
732 2594 779 2630 de
804 2602 886 2644 sept
908 2606 989 2630 ans.
1012 2596 1082 2630 Les
1106 2593 1344 2644 stipulations
1370 2593 1463 2630 dont
1486 2594 1558 2631 elle
1589 2594 1646 2631 sut

235 2654 512 2703 accompagnc'e
526 2654 841 2704 sontconsignces
856 2654 948 2691 dans
960 2653 1050 2690 trois
1066 2662 1166 2691 actes
1182 2654 1287 2690 dates
1301 2653 1351 2690 du
1362 2655 1411 2690 29
1425 2656 1642 2691 aout1475.

234 2711 392 2761 Lenglet
412 2712 643 2761 Dufresnoy,
670 2714 887 2759 commines,
911 2721 935 2749 t.
959 2715 1029 2758 111,
1052 2726 1089 2763 p.
1115 2714 1190 2750 397
1212 2721 1248 2749 et
1264 2713 1360 2751 suiv.
