1923 3020
296 260 369 294 162
655 255 989 291 HISTORIARUM
1019 254 1251 289 LUDOVICI
1279 254 1332 288 XI

758 439 1093 483 CAPITULUM
1128 441 1225 483 XV.

361 577 407 607 De
424 574 600 607 immensis
617 574 869 607 calamitatibus
882 587 966 619 quas
982 587 1081 620 passa
1097 583 1145 608 est
1161 574 1378 608 Normannia
1391 601 1399 616 ,
1417 582 1486 607 tam
1504 586 1521 607 a
1540 586 1618 619 rege

599 639 702 672 quam
718 640 736 660 a
754 628 824 661 suis
840 628 1006 662 militibus
1020 637 1051 662 ct
1066 637 1166 674 gente
1183 628 1378 662 Britonuni.

355 752 534 793 Interea
569 757 724 793 autem
765 763 870 807 rex,
912 764 1020 792 cum
1054 756 1200 792 totam
1234 746 1320 792 sibi
1359 746 1692 791 Normanniam

288 826 538 888 subigeret,
566 826 752 888 quantis
771 825 846 870 illa
869 825 1035 871 misera
1059 835 1182 871 terra
1200 823 1542 871 calamitatibus
1564 839 1692 869 com-

289 902 409 967 pleta
431 903 487 949 sit
516 913 562 948 et
590 902 804 948 confecta
837 919 932 947 non
966 912 1034 947 est
1059 902 1192 948 facilc
1222 902 1281 948 ad
1308 902 1597 963 condignum
1621 918 1688 946 re-

285 979 422 1025 ferre.
445 983 505 1025 Ex
525 996 617 1025 una
639 989 786 1043 parte,
809 989 850 1024 et
873 978 1045 1041 ubique
1072 995 1218 1042 paene,
1243 989 1340 1025 tota
1367 980 1485 1041 regis
1507 979 1685 1036 militia,

290 1057 432 1102 effusa
467 1074 549 1120 per
573 1073 734 1118 agros,
764 1072 992 1119 pauperes
1019 1056 1214 1100 rusticos
1239 1072 1466 1116 agrorum
1490 1055 1693 1101 cultores

290 1134 389 1178 sine
416 1132 506 1178 ulla
531 1133 829 1178 miseratione
857 1131 1076 1187 vexabat,
1124 1147 1290 1176 eorum
1322 1130 1448 1176 bona
1473 1131 1695 1194 diripiens

287 1220 332 1255 et
346 1226 651 1267 consumens3
677 1226 731 1254 ex
748 1208 889 1253 altera
904 1224 1015 1253 vero
1034 1217 1181 1270 parte,
1206 1224 1369 1253 versus
1389 1208 1690 1266 Britanniam,

288 1286 365 1332 illa
407 1287 651 1331 Britonum
691 1285 885 1342 militia,
926 1284 973 1328 in
1013 1300 1143 1330 suam
1186 1294 1423 1330 revertens
1458 1284 1687 1347 patriam,

291 1365 449 1409 onmia
473 1361 745 1426 populabat.
774 1363 932 1422 Neque
956 1361 1081 1406 enim
1106 1361 1407 1422 victualibus,
1444 1378 1546 1423 quae
1566 1360 1691 1425 apud

293 1441 487 1485 rusticos
519 1440 821 1496 invenerant,
860 1438 968 1483 satis
1001 1448 1099 1484 erat
1130 1438 1194 1483 eis
1224 1439 1399 1484 ventris
1441 1438 1694 1500 ingluviem

294 1526 524 1573 saturare,
554 1515 736 1578 sibique
772 1524 816 1560 et
848 1515 979 1578 equis
1012 1531 1065 1560 ac
1087 1515 1310 1577 jumentis
1345 1532 1453 1561 cum
1488 1515 1690 1578 hospitio

294 1593 520 1657 pabulum
558 1594 697 1656 gratis
732 1593 975 1650 invenire3
1020 1593 1103 1638 sed
1139 1593 1347 1657 ipsorum
1390 1592 1600 1639 vehicula
1650 1601 1694 1637 et

295 1670 542 1733 quadrigas
579 1670 884 1733 accipiente5‚
924 1671 1205 1716 rusticorum
1240 1687 1432 1716 omnem
1468 1669 1693 1734 supellec-

296 1748 440 1806 tilem,
468 1764 608 1810 quam
631 1747 675 1791 in
697 1763 863 1792 eorum
887 1746 1109 1793 domibus
1134 1749 1421 1811 reperirent,
1451 1747 1624 1794 vectari
1646 1747 1694 1792 in

297 1841 427 1871 suam
473 1825 669 1889 patriam
707 1825 752 1869 in
790 1824 1063 1886 hujusmodi
1109 1825 1349 1888 quadrigis
1392 1834 1435 1870 et
1471 1823 1696 1870 vehiculis

296 1902 542 1948 faciebant.
569 1905 788 1948 Armenta
810 1918 1026 1964 quoque,
1062 1912 1106 1948 et
1131 1903 1290 1948 ovium
1314 1919 1394 1948 seu
1415 1918 1659 1966 caprarum
1680 1939 1690 1962 ‚

298 1989 377 2024 aut
401 1996 654 2043 porcorum
676 1995 860 2040 gregeS‚
897 1988 1132 2041 quotquot
1156 1979 1365 2024 invenire
1392 1988 1605 2042 possent,
1634 1979 1694 2023 si-

300 2055 468 2101 militer
488 2055 787 2101 abducebant
812 2073 819 2099 ε
847 2054 933 2100 sibi
959 2055 1163 2118 praedam
1191 2072 1244 2100 ex
1272 2055 1358 2114 his,
1389 2071 1695 2118 quaecumque

300 2134 420 2197 apud
449 2135 604 2197 patriae
627 2134 809 2180 accolas
835 2151 918 2196 per
939 2150 1074 2195 agros
1098 2151 1196 2180 sese
1221 2134 1502 2196 objicerent,
1532 2134 1697 2180 sacien-

299 2220 393 2264 tes,
431 2211 683 2273 omniaque
718 2211 949 2273 rapientes
986 2220 1208 2274 tanquam
1250 2212 1296 2256 in
1336 2220 1464 2257 terrae
1502 2210 1696 2273 alicujus

297 2286 455 2331 hostili
478 2288 752 2334 vastatione.
784 2287 919 2332 Unde
945 2304 1029 2333 nec
1057 2288 1296 2351 tripodas‘,
1337 2289 1407 2335 vel
1432 2288 1661 2334 andenas¹
1678 2324 1691 2347 ‚

299 2373 377 2409 aut
401 2362 618 2420 cacabos,
646 2381 726 2409 seu
750 2363 1008 2425 quidquam
1035 2364 1140 2409 ferri
1168 2375 1248 2410 aut
1282 2365 1468 2410 alterius
1495 2365 1692 2425 metalli,

299 2440 368 2486 vel
402 2441 663 2498 lectorum,
704 2451 782 2485 aut
809 2441 953 2487 laneae
985 2441 1081 2486 sive
1112 2442 1243 2487 lineae
1277 2442 1597 2505 supellectilis,
1637 2441 1696 2488 ad

297 2534 400 2581 quae
424 2533 590 2562 manus
613 2518 795 2561 mittere
820 2519 1106 2580 potuissent,
1138 2519 1184 2563 in
1211 2518 1357 2564 domo
1382 2519 1537 2582 aliqua
1559 2520 1696 2565 relin-

296 2591 528 2654 quebant,
557 2592 716 2637 onmia
740 2591 980 2652 tollentes,
1010 2594 1168 2639 omnia
1191 2593 1443 2655 abigentes.
1480 2598 1593 2650 Quae
1625 2610 1695 2639 res

348 2732 384 2766 1.
418 2732 591 2774 Andena,
611 2728 759 2765 landier
778 2742 828 2765 ou
850 2728 996 2766 chenet.
