1923 3020
309 235 384 270 274
667 228 1005 266 HISTORIARUM
1034 228 1269 265 LUDOVICI
1297 230 1351 264 XI

308 319 585 367 authenticze
614 316 758 380 ipsius
793 314 1015 361 Ludovici
1032 351 1043 373 ,
1086 318 1375 361 Francorum
1419 317 1565 378 regis,
1613 319 1710 380 ejus

311 411 452 441 manu
472 394 661 454 signatae
684 402 729 438 et
745 391 894 454 sigillo
916 391 1164 451 roboratae,
1192 392 1393 437 inventae
1416 402 1553 451 sunt,
1582 403 1627 439 et
1652 395 1711 441 ad

308 464 532 527 Edoardi,
559 469 730 515 deinde
758 468 817 514 ab
846 469 946 532 ipso
967 468 1026 514 ad
1052 468 1186 513 ducis
1208 468 1594 531 Burgundionum
1622 486 1712 516 ma·

308 563 395 592 nus
418 546 626 610 perlatae,
655 546 865 592 fecerunt
890 545 947 590 de
968 544 1047 590 illo
1075 561 1155 590 eos
1180 545 1353 592 foedere
1380 556 1556 606 certOS,
1582 546 1711 609 quod

307 623 616 669 verisimiliter
640 624 764 686 ipsos
789 631 981 685 perante
1005 621 1219 667 latuerat.

370 699 463 745 Sed
499 710 544 746 et
577 700 731 763 ipsum
769 699 914 744 soedus
947 708 992 744 et
1022 709 1366 744 sacramentum
1399 716 1537 745 suum
1570 714 1713 762 quam

306 778 483 838 integre
507 786 552 822 et
574 777 846 840 incorrupte
873 775 998 821 idem
1023 775 1287 822 Ludovicus
1313 777 1578 834 servaverit,
1608 777 1714 821 satis

304 852 487 916 liquido
513 869 567 898 ex
590 852 687 910 his,
715 870 819 915 quac
839 852 1002 914 gessit,
1031 851 1322 914 deprehendi
1346 862 1515 916 potest.
1553 854 1713 908 Quan-

303 948 447 994 quam
471 931 595 977 enim
617 967 628 989 ,
655 930 831 993 absque
855 946 1073 994 expresso
1105 931 1218 975 scitu
1254 940 1298 975 et
1331 948 1564 976 consensu
1590 929 1716 993 prin-

303 1009 419 1072 cipis
454 1008 659 1072 praedicti
695 1008 898 1067 Wailiae,
939 1024 1024 1053 nec
1060 1023 1254 1070 pacem,
1296 1023 1383 1052 nec
1422 1017 1606 1068 treugas
1643 1005 1716 1050 vel

304 1086 634 1132 abstinentiam
659 1102 685 1130 a
711 1102 899 1147 guerra,
936 1101 1015 1129 seu
1048 1094 1537 1146 appunct[lamentum
1568 1084 1718 1147 quod-

304 1179 508 1225 cumque
529 1179 637 1207 cum
670 1162 791 1207 duce
814 1160 1093 1223 ssurgundiae
1118 1160 1350 1205 facturum
1381 1177 1428 1206 se
1449 1160 1718 1222 juramento

306 1238 647 1295 adstrinxisset,
675 1254 762 1282 nec
786 1236 896 1282 inde
929 1236 1078 1282 ullum
1112 1235 1310 1281 verbum
1343 1246 1417 1281 aut
1453 1253 1719 1282 sermonem

307 1332 416 1361 cuni
461 1332 516 1360 eo
551 1314 851 1369 habiturum,
888 1325 1072 1373 tamen,
1110 1313 1279 1359 eodeni
1318 1312 1437 1359 duce
1479 1314 1526 1358 in
1561 1314 1720 1359 castris

310 1392 557 1437 exsistente
587 1399 632 1435 et
665 1389 964 1435 obsidionem
991 1400 1180 1435 tenente
1205 1398 1311 1435 ante
1335 1389 1720 1435 An‘ibianensium

309 1468 571 1525 civitatem,
599 1484 708 1512 cum
733 1467 930 1524 eodem,
961 1466 1035 1512 die
1060 1484 1125 1512 lv,
1153 1467 1326 1512 mensis
1360 1466 1559 1529 aprilis¹,
1596 1476 1721 1512 treu-

313 1563 391 1608 gas
425 1547 681 1590 trimestres
714 1544 943 1601 firmavit,
979 1553 1024 1589 et
1062 1543 1234 1590 deinde
1264 1560 1320 1589 ex
1358 1543 1564 1589 calendis
1601 1543 1721 1605 junii

316 1623 551 1685 sequentis
579 1622 640 1667 ad
663 1639 812 1667 unum
840 1638 1020 1666 annum
1043 1621 1277 1682 integrum
1302 1621 1590 1684 prorogavit.

377 1703 446 1745 De
473 1698 644 1762 quibus
677 1698 911 1763 prioribus
941 1699 1114 1760 treugis
1148 1714 1255 1743 cum
1287 1698 1537 1761 praedictus
1567 1714 1722 1745 comes

314 1777 373 1822 de
393 1776 616 1822 lew'clc
649 1776 821 1821 certior
846 1775 992 1821 factus
1016 1775 1159 1835 soret,
1190 1776 1268 1837 qui
1294 1775 1480 1821 decimo
1514 1785 1617 1840 post
1649 1792 1725 1822 eas

316 1853 521 1899 firmatas
536 1853 611 1899 die
629 1852 785 1898 adhuc
808 1852 853 1897 in
876 1852 1096 1897 humanis
1117 1851 1300 1914 agebat,
1324 1862 1505 1898 tantum
1523 1852 1726 1898 doluisse

318 1932 478 1989 fertur,
496 1940 680 1976 tantum
705 1930 931 1974 moestitiae
951 1929 1197 1992 luctusque
1212 1929 1422 1987 duxisse,
1449 1939 1498 1975 ut
1523 1946 1654 1993 paene
1679 1931 1725 1976 in

319 2009 694 2072 desperationem
711 2007 947 2053 ceciderit.
968 2006 1110 2062 Quod
1129 2023 1209 2069 per
1223 2022 1327 2059 suas
1340 2007 1514 2052 litteras
1533 2007 1641 2052 satis
1661 2008 1728 2052 in-

322 2085 498 2131 dicasse
528 2084 778 2144 ferebatur,
808 2099 925 2146 quas
948 2083 1008 2128 ad
1032 2082 1254 2128 eumdem
1277 2082 1569 2128 Ludovicum
1592 2083 1650 2129 de
1676 2100 1727 2129 ea

323 2179 372 2207 re
409 2163 616 2225 scripsit,
651 2162 699 2206 in
734 2160 906 2224 quibus
939 2160 981 2206 ei
1015 2159 1319 2223 proditionis,
1357 2159 1562 2223 perfidiae
1590 2170 1729 2223 atque

320 2239 512 2302 perjurii
533 2239 730 2284 crimina
753 2236 1084 2302 exprobrabat.
1103 2236 1194 2282 Sed
1213 2254 1322 2282 cum
1342 2236 1520 2297 talium,
1547 2247 1594 2282 ut
1613 2237 1730 2283 dixi-

323 2332 456 2374 mus,
492 2315 651 2359 artifex
681 2315 1029 2379 expertissimus
1058 2313 1237 2370 suisset,
1273 2314 1380 2359 satis
1410 2313 1606 2375 dignum
1636 2314 1730 2360 suis

324 2393 498 2438 meritis
537 2393 708 2452 suerat,
751 2404 800 2439 ut
832 2393 972 2438 etiam
1010 2393 1056 2437 in
1091 2391 1208 2437 retia
1248 2392 1503 2437 consimilis
1539 2391 1730 2454 aucupis

323 2469 599 2516 traderetur.
636 2470 820 2525 Quibus
850 2469 1083 2516 ambobus
1111 2470 1221 2515 satis
1244 2470 1580 2515 convenienter
1601 2469 1729 2514 eulo-

382 2592 418 2627 1.
450 2593 502 2626 La
521 2591 627 2626 tre‘ve
651 2588 706 2625 sut
729 2601 775 2625 en
795 2590 884 2625 esset
908 2591 1054 2626 a1·r‹‘=tce
1074 2589 1138 2627 des
1159 2590 1193 2627 le
1214 2593 1236 2626 4
1261 2590 1377 2636 avril,
1404 2591 1495 2627 mais
1517 2590 1623 2626 l'acte
1643 2592 1729 2625 n'en

325 2651 381 2686 fut
413 2648 638 2699 promulgue
661 2660 735 2697 que
760 2647 795 2684 le
816 2649 879 2684 10.
906 2648 934 2683 Il
963 2656 1017 2684 est
1043 2647 1136 2685 dans
1162 2649 1353 2686 l'sttoire
1376 2651 1422 2684 de
1449 2652 1661 2697 Bom'gogne
1685 2647 1731 2684 de

324 2712 368 2745 D.
396 2708 596 2753 Plancher,
618 2715 644 2742 t.
670 2709 734 2753 lv,
758 2719 835 2756 pr.‚
856 2719 894 2742 n.
921 2707 1010 2742 302.
