1923 3020
746 249 888 285 LIBER
926 247 1195 285 SECUNDUS.
1600 249 1673 286 135

272 335 438 382 talibus
477 335 668 381 insaniis
698 344 743 381 et
772 333 1065 381 exsecrandis
1096 334 1192 379 suis
1222 332 1402 379 actibus
1438 333 1485 378 in
1509 334 1668 396 patriae

270 430 366 459 suae
394 428 626 474 suumque
652 412 982 457 exterminium
1007 411 1310 473 praefatorum
1347 408 1597 456 illustrium
1628 421 1675 457 et

270 489 708 553 potentissimorum
746 489 1016 551 principum
1052 488 1171 532 vires
1212 487 1567 550 potentiamque
1606 503 1676 534 ar-

272 574 454 610 marent
481 573 525 609 et
549 566 827 624 excitarent,
858 565 982 610 misit
1005 563 1099 609 dux
1124 563 1391 626 Philippus,
1420 573 1567 626 pater,
1595 565 1676 626 qui

269 657 409 687 senex
432 650 477 685 et
496 640 593 702 jam
618 641 893 702 grandaevus
927 640 1188 685 Bruxellam
1213 638 1481 697 incolebat,
1515 639 1575 685 ad
1599 656 1677 685 co-

269 717 431 762 mitem
456 717 515 762 de
539 717 797 777 Chal-olcis,
821 717 969 762 filium
989 733 1147 771 suum,¹
1167 717 1360 762 nuntios
1378 726 1423 762 et
1438 716 1675 779 epistolas,

268 793 545 856 praecipiens
570 803 614 838 et
649 793 736 838 sub
766 809 904 857 poena
936 802 1141 855 paternae
1173 792 1510 854 indignationis
1542 793 1680 839 inter-

268 871 471 926 minans,
505 887 614 916 cum
643 887 728 915 suo
748 869 955 915 exercitu
974 878 1157 914 mature
1177 868 1236 913 ad
1254 885 1301 914 se
1319 885 1520 932 suasque
1535 879 1679 917 terras

268 945 460 1005 rediret,
489 955 538 991 ut
563 962 637 991 eas
660 955 824 991 contra
849 946 1039 990 insanos
1064 959 1118 989 ac
1142 943 1376 989 nefandos
1402 961 1542 991 ausus
1564 949 1681 992 Leo-

269 1023 502 1070 diensium
535 1033 793 1080 tutaretur,
825 1032 1158 1086 susceptasque
1187 1021 1247 1067 ab
1277 1023 1342 1067 eis
1380 1023 1683 1071 ulcisceretur

268 1101 330 1162 inj
340 1101 478 1147 urias.
507 1101 560 1146 In
582 1100 681 1146 dies
700 1116 907 1162 namque
925 1099 1163 1163 prioribus
1183 1099 1419 1146 deteriora
1442 1102 1682 1148 cumulare

267 1177 554 1240 satagebant,
578 1187 641 1237 et,
668 1176 797 1222 velut
820 1193 847 1222 a
870 1176 1000 1222 furiis
1019 1175 1344 1234 infernalibus,
1366 1177 1497 1238 juxta
1522 1188 1683 1240 poeta·

268 1271 373 1299 rum
398 1254 603 1313 fabulas,
644 1254 811 1310 exciti,
851 1253 917 1298 nil
941 1252 1069 1299 aliud
1096 1269 1305 1315 quaerere
1324 1290 1335 1312 ,
1375 1269 1518 1315 quam
1542 1254 1613 1299 sui
1635 1264 1683 1300 et

266 1334 594 1396 proximorum
647 1344 787 1396 atque
831 1333 1100 1379 vicinorum
1135 1333 1466 1379 exterminium
1488 1370 1500 1390 ,
1548 1333 1679 1380 vide-

266 1410 461 1456 bantur.

330 1489 564 1551 Susceptis
607 1489 763 1550 itaque
808 1486 1015 1551 paternis
1050 1485 1316 1546 mandatiS,
1356 1496 1548 1533 coactus
1592 1487 1676 1534 fuit

266 1564 364 1627 ipse
396 1581 581 1624 comes,
605 1564 794 1627 qualem
824 1564 1004 1627 potuit,
1044 1581 1132 1627 pro
1168 1564 1450 1626 emergentiS
1483 1565 1573 1611 sibi
1597 1566 1679 1611 ne-

266 1642 490 1687 cessitatis
530 1642 830 1698 conditione,
864 1657 891 1687 a
913 1658 1045 1703 rege,
1074 1651 1170 1686 tam
1199 1658 1288 1705 pro
1321 1658 1369 1687 se
1403 1658 1548 1704 quam
1580 1642 1681 1688 aliis

265 1718 584 1782 principibus,
608 1720 736 1782 pacis
756 1718 1056 1764 conditiones
1078 1719 1308 1782 accipere.
1331 1721 1460 1775 Quas
1484 1719 1678 1781 quidem

265 1812 372 1853 rex,
401 1797 482 1857 qui
514 1806 614 1841 toto
651 1796 848 1854 annisu,
877 1805 927 1841 ut
955 1795 1185 1856 diximus,
1214 1812 1381 1841 eorum
1417 1795 1677 1841 discessum

265 1888 320 1918 ac
368 1873 715 1935 separationem
753 1888 780 1918 a
819 1889 866 1917 se
907 1873 1108 1918 invicem
1148 1871 1479 1936 perquirebat,
1526 1871 1679 1918 libens

265 1950 525 2007 concessit3
556 1950 756 2013 fecitque
784 1959 1031 1995 tractatum
1057 1966 1142 2013 per
1175 1966 1318 2012 quem
1354 1949 1554 1994 domino
1590 1952 1677 1995 Ca-

266 2026 394 2085 rolO,
422 2043 647 2089 germano
678 2043 787 2086 suo,
827 2043 916 2090 pro
953 2043 1035 2072 sua
1058 2026 1354 2072 haereditaria
1379 2026 1676 2072 successione

264 2113 462 2168 paterna
504 2104 844 2149 Normauniam
874 2103 1167 2166 assignal.1at;
1206 2103 1406 2149 domino
1441 2118 1555 2148 vero
1592 2120 1673 2149 co-

266 2181 365 2226 miti
408 2180 468 2226 de
512 2180 754 2225 Clzat‘olmls‘
792 2179 1052 2239 Ambianis,
1084 2178 1468 2225 Abbatis-Villam
1492 2189 1538 2225 et
1561 2180 1674 2226 alias

265 2267 413 2303 terras
445 2273 587 2320 supra
626 2267 670 2302 et
702 2257 824 2303 ultra
855 2256 1031 2302 flumen
1057 2258 1357 2316 Summonae,
1386 2272 1503 2319 quas
1527 2257 1672 2320 paulo

265 2343 374 2379 ante
417 2350 603 2379 summa
638 2333 1096 2397 quadringentorum
1128 2332 1255 2378 mille
1292 2342 1539 2378 scutorum
1573 2334 1673 2389 (uti

263 2427 406 2473 supra
439 2410 715 2472 retulimus)
748 2411 1038 2469 redemerat,
1078 2411 1244 2456 iterato
1288 2409 1507 2467 tradidit,
1535 2409 1594 2456 ab
1615 2427 1672 2456 eo

262 2488 451 2551 suisque
473 2487 741 2533 haeredibus
765 2497 995 2552 perpetuo
1019 2486 1247 2533 tenendas
1271 2496 1317 2533 et
1339 2486 1667 2551 possidendas.

264 2666 432 2703 mamere
465 2666 673 2703 detournee
706 2667 798 2704 dans
830 2668 863 2704 le
902 2668 1071 2718 chapitre
1104 2667 1320 2719 precedent.
1355 2667 1441 2703 Voir
1462 2667 1603 2704 Adrien
1625 2670 1671 2704 de

266 2730 552 2774 Veteri-Basca,
574 2727 666 2766 (lans
685 2729 953 2777 l’„›{mplissz'mc1
973 2730 1149 2773 collectio,
1169 2736 1195 2767 t.
1218 2730 1281 2773 IV,
1302 2727 1375 2764 col.
1402 2728 1516 2765 1:378.
