1923 3020
266 256 313 292 12
629 256 968 292 HISTORIARUM
997 257 1229 292 LUDOVICI
1256 257 1311 292 XI

265 344 377 388 lium
397 343 618 389 oneribus
639 343 878 401 liberatos,
904 344 948 388 in
976 344 1217 404 antiquam
1240 342 1514 405 dignitatem
1527 352 1665 406 atque

264 419 528 465 libertatem
550 420 806 466 reduceret.

331 499 384 541 Et
402 495 499 541 liaec
523 496 715 559 quidem
733 512 840 540 cum
861 494 919 539 al)
944 511 999 539 eo
1024 494 1147 540 dicta
1170 495 1346 558 ubique
1366 495 1668 559 praedicaren-

265 582 354 627 tur,
383 573 756 636 quamplurimos
791 573 836 616 iu
873 588 1003 634 spem
1044 572 1172 618 facile
1205 571 1500 618 adduxerunt
1537 573 1665 635 quod

265 650 361 713 ipsa
387 650 610 696 libertatis
629 649 902 695 instauratio
921 658 965 694 01
977 648 1237 695 sublevatio
1253 666 1276 695 a
1293 649 1488 701 tributis,
1508 666 1668 712 quem-

263 727 522 772 admodum
549 725 886 790 pollicebatur,
918 727 1142 789 consequi
1174 736 1313 788 atque
1345 725 1551 771 exhiberi
1574 721 1666 772 'de-

263 803 445 850 bereut.
476 804 600 849 Alios
624 820 758 860 vcro,
787 803 867 864 qui
899 819 1086 847 morum
1117 803 1259 865 ipsius
1290 819 1540 865 rerumque
1569 820 1594 848 a
1619 821 1665 849 se

264 891 457 944 perante
493 891 746 943 gestarum,
777 890 871 925 tam
899 881 945 924 in
971 897 1057 925 suo
1081 880 1313 926 Dellinatu
1346 897 1503 943 quam·
1525 881 1662 939 alibi,

263 974 359 1003 non
385 958 533 1020 ignari
556 957 724 1012 forent,
753 956 1023 1016 luijusn‘iodi
1053 957 1392 1019 promissorum
1416 972 1535 1003 vana
1563 974 1667 1021 spes

264 1051 360 1080 non
388 1035 554 1080 delusit
583 1043 661 1079 aut
690 1033 862 1078 fefellit.
893 1033 1061 1077 Docuit
1086 1042 1240 1077 autem
1267 1050 1363 1078 non
1383 1033 1519 1095 longe
1537 1045 1666 1098 post·

263 1111 352 1157 hac
392 1111 456 1157 rei
496 1111 643 1156 exitus
683 1119 859 1172 quanta
897 1126 1002 1172 spes
1037 1109 1310 1171 hujusmodi
1346 1112 1581 1173 promissis
1622 1122 1667 1158 et

263 1190 721 1236 similibusliabenda
736 1189 869 1244 soret,
887 1188 973 1233 5111)
994 1206 1198 1252 quorum
1217 1200 1316 1235 tum
1337 1190 1531 1236 obtentu
1554 1208 1668 1237 non·

264 1268 400 1314 nullae
424 1285 479 1314 cx
502 1266 740 1312 nobilibus
763 1266 1025 1311 civitatibus
1041 1267 1187 1329 regni,
1212 1268 1373 1331 utipsa
1391 1269 1663 1324 Remorum,

264 1361 366 1406 quae
388 1345 495 1389 talia
520 1343 732 1407 polliceri
756 1342 1016 1399 audiverat⁷
1043 1353 1087 1388 et
1119 1343 1478 1407 Andegavorum
1498 1343 1662 1400 urbes,

263 1436 442 1483 magnae
459 1420 733 1466 calamitatis
750 1419 999 1464 discrimen
1016 1429 1059 1465 et
1074 1421 1334 1483 periculum
1351 1422 1662 1477 incurrerunt,

264 1507 315 1543 ut
338 1497 480 1561 paulo
501 1507 608 1561 post
632 1513 718 1543 suo
745 1495 852 1542 1000
877 1496 1147 1543 referemus.

739 1698 1076 1743 CAPITULUM
1113 1698 1187 1740 IV.

264 1813 454 1859 Quomodo
476 1827 516 1847 ex
534 1815 649 1847 Remis
666 1814 759 1847 venit
778 1813 820 1846 ad
843 1814 1234 1859 Sanctum-Dionysium
1254 1824 1366 1858 prope
1385 1811 1545 1852 Parisios,
1568 1812 1627 1845 ubi
1648 1825 1665 1846 a

310 1867 463 1913 quodam
492 1868 578 1901 Italo
607 1876 884 1913 praesumptuoso
909 1867 995 1912 patri
1023 1865 1188 1899 defuncto
1217 1866 1423 1899 beneficium
1444 1865 1667 1899 absolutionis

312 1921 507 1967 impensum
529 1930 575 1955 est
597 1922 622 1954 ¹.

332 2023 472 2083 lgitur
509 2040 649 2082 cum,
696 2033 947 2087 postquam
987 2040 1120 2069 sacro
1159 2023 1394 2069 delibutus
1441 2022 1575 2080 oleo,
1622 2022 1666 2067 in

267 2099 394 2145 dicto
421 2101 706 2146 monasterio
732 2101 877 2146 sancti
903 2100 1182 2145 Tlicodorici
1213 2100 1334 2145 duos
1357 2110 1437 2146 aut
1460 2110 1551 2144 tres
1571 2098 1669 2144 dies

268 2176 572 2239 perstitisset,
615 2177 736 2222 (11100
766 2176 1154 2239 Burgundionum
1195 2194 1302 2221 cum
1339 2192 1422 2221 suo
1455 2173 1668 2236 magnifi-

268 2252 535 2297 centissimo
574 2253 849 2309 c‹›mitatu²‚
895 2253 943 2298 in
985 2269 1080 2314 quo
1123 2252 1216 2297 dux
1258 2251 1518 2298 Clevensis³
1560 2267 1667 2295 cum

270 2328 505 2390 Adolpho,
534 2328 668 2373 fratre
690 2346 792 2385 suo,
818 2335 1018 2391 pr‘aesens
1041 2328 1218 2385 aderat,
1252 2328 1522 2389 caeterisque
1543 2327 1670 2389 prin-

326 2486 362 2523 1.
395 2484 571 2534 Cliapitre
590 2483 766 2534 imprime
791 2485 911 2533 parmi
930 2486 982 2521 105
1000 2488 1166 2522 Preuves
1186 2497 1261 2521 aux
1281 2483 1451 2520 Libertc's
1470 2483 1672 2533 gallicanes

270 2544 316 2581 de
342 2542 383 2581 P.
407 2547 466 2580 Du
489 2547 578 2592 l'uy.

327 2606 363 2640 2.
397 2605 538 2641 Comata
560 2602 652 2638 dans
672 2602 706 2638 10
728 2614 795 2637 ms,

328 2665 363 2701 3.
396 2667 503 2710 Jean,
527 2661 598 2699 duc
622 2661 668 2699 de
689 2662 844 2708 Cle-ves,
869 2674 992 2698 neveu
1019 2661 1067 2697 du
1091 2663 1162 2699 (1110
1182 2663 1228 2700 (10
1250 2666 1476 2713 Bourgogne
1501 2670 1537 2699 et
1557 2660 1671 2698 marie

276 2724 374 2760 aussi
393 2723 488 2760 dans
504 2722 538 2759 la
555 2721 698 2759 maison
718 2720 764 2757 de
780 2723 1022 2771 Bourgogne,
1040 2723 1058 2757 a
1080 2722 1115 2758 la
1132 2722 1205 2759 fille
1225 2722 1270 2759 de
1289 2726 1383 2760 Jean
1399 2722 1445 2758 de.
1461 2724 1615 2758 Nevers.
