1923 3020
326 239 400 274 178
689 236 1030 272 HISTORIARUM
1056 235 1292 271 LUDOVICI
1320 236 1376 270 XI

326 325 558 381 versariis3
592 338 648 368 ac
677 337 870 367 omnem
898 337 1030 385 spem
1060 321 1106 365 in
1140 321 1239 383 ejus
1270 320 1444 366 auxilio
1473 324 1728 383 repositam

323 401 498 447 habere
517 398 785 445 videbatur.

389 476 457 521 Ad
483 475 532 521 id
557 485 716 521 autem
738 474 1101 538 perficiendum,
1128 475 1251 520 velut
1278 474 1492 537 apposito
1514 473 1601 519 sibi
1627 474 1730 520 ido-

326 568 515 614 neoque
554 553 761 598 maximo
799 553 1142 604 instrumento,
1182 561 1282 597 astu
1323 561 1366 596 et
1399 551 1731 597 calliditatibus

325 628 447 674 illius
483 629 825 675 sceleratissimi
865 628 1150 692 prodit()riS‚
1188 629 1372 673 comitis
1406 628 1466 674 de
1488 629 1727 686 Il'arwielz,

324 705 561 761 utebatur,
590 721 675 769 per
699 705 832 767 cnjus
856 704 1147 768 proditiones
1170 714 1215 750 et
1238 704 1374 750 dolos
1400 722 1475 750 rex
1503 706 1732 751 Ilenricus

325 799 470 843 regno
490 782 697 842 dejectus
721 792 767 828 et
789 782 1036 828 Edoardus
1054 783 1099 826 in
1119 798 1276 844 regem
1296 782 1573 827 sublimatus
1597 784 1733 828 exsti-

324 868 457 904 terat.
491 860 685 921 Egitque
712 868 894 905 tantum
914 858 1248 919 legationibus,
1275 860 1452 904 nuntiis
1472 869 1611 922 atque
1632 860 1730 922 epi-

324 936 477 994 stolis,
508 947 557 982 ut
583 937 806 982 eumdem
838 936 1072 999 perfidum
1095 936 1371 981 muneribus
1395 939 1732 1000 promissisque

323 1014 576 1077 pellectum
606 1015 664 1058 ad
696 1030 744 1059 se
773 1030 922 1075 usque
952 1013 1300 1074 Rothomagum
1326 1014 1554 1073 traheret,
1582 1015 1731 1060 collo-

328 1091 495 1152 quium
511 1107 617 1136 cum
636 1107 710 1146 eo,
732 1091 924 1136 remotis
941 1089 1207 1152 quibusque
1225 1090 1424 1146 arbitris,
1446 1090 1728 1137 habiturus¹.

389 1171 591 1214 Tantum
632 1178 787 1213 autem
832 1167 1029 1211 honoris
1065 1167 1430 1229 reverentiaeque
1464 1169 1503 1212 ei
1542 1168 1730 1227 detulit,

327 1256 556 1309 quantum
588 1263 675 1291 nec
704 1245 790 1308 ipsi
821 1244 1074 1306 Anglorum
1104 1245 1222 1305 regi⁷
1253 1244 1339 1289 sibi
1365 1244 1617 1302 foederato,
1648 1244 1734 1290 sibi

326 1325 630 1370 reconciliato
652 1335 697 1369 et
717 1333 884 1386 pacato
908 1321 1250 1368 rationabiliter
1272 1322 1453 1368 deferre
1476 1322 1731 1368 debuisset.

329 1405 443 1446 Nam
484 1411 527 1446 et
573 1417 680 1446 cum
720 1399 1012 1444 Haressutum
1028 1433 1038 1453 ,
1080 1399 1207 1460 quod
1261 1400 1402 1444 totius
1446 1400 1575 1459 regni
1612 1399 1738 1444 velut

333 1479 547 1541 quaedam
578 1478 719 1523 clavis
748 1486 842 1535 est,
874 1477 1099 1534 venisset,
1130 1476 1282 1522 claves
1314 1477 1476 1540 oppidi
1507 1477 1594 1522 sibi
1618 1494 1738 1540 prae-

330 1556 501 1600 sentari
527 1555 744 1616 tradique
768 1554 896 1612 fecit,
925 1563 969 1598 et
992 1553 1203 1599 similiter
1228 1554 1273 1598 in
1301 1553 1489 1616 oppidis
1512 1563 1557 1599 et
1580 1554 1740 1600 castel-

334 1633 409 1691 lis,
433 1648 738 1694 quocumque
765 1631 1014 1676 transitum
1043 1630 1235 1689 faceret,
1265 1631 1389 1676 idem
1421 1630 1520 1676 fieri
1538 1631 1671 1693 jussit
1695 1641 1740 1676 et

331 1708 611 1754 mandaviff.
648 1711 765 1752 (jum
797 1717 956 1752 autem
985 1706 1205 1752 satellites
1231 1707 1352 1752 circa
1383 1707 1638 1764 ducentos,
1668 1706 1741 1752 vel

331 1784 556 1849 amplius,
585 1802 743 1830 secum
767 1784 1037 1830 adduxisset
1065 1785 1369 1847 Rothomagi,
1398 1785 1639 1830 mandavit
1662 1801 1740 1829 rex

331 1860 672 1907 mercatoribus
691 1877 979 1924 pannorum,
1001 1870 1094 1906 tam
1116 1860 1174 1906 de
1193 1860 1300 1906 lana
1317 1877 1457 1924 quam
1485 1860 1544 1906 de
1569 1861 1738 1917 serico,

332 1949 383 1984 ut
400 1939 633 2002 quidquid
651 1938 710 1983 de
728 1939 823 1984 suis
838 1938 1039 1984 officinis
1057 1939 1225 2000 singuli
1240 1956 1405 1983 eorum
1424 1939 1733 2001 requirerent,

333 2017 397 2061 eis
414 2016 591 2078 absque
610 2016 767 2078 aliqua
788 2016 1064 2062 difficultate
1087 2015 1356 2073 liberarent,
1378 2017 1579 2079 pretium
1599 2015 1658 2060 ab
1678 2017 1742 2061 eis

337 2091 470 2155 [non]
486 2103 752 2156 poscentes,
771 2092 901 2154 quod
920 2109 967 2137 se
987 2092 1138 2137 facere
1153 2092 1331 2136 restitui
1346 2092 1404 2137 de
1419 2092 1613 2156 proprio
1630 2091 1741 2137 fisco

335 2169 509 2214 eisdem
534 2170 877 2215 mercatoribus
903 2169 1222 2233 promittebat.
1253 2170 1387 2214 Unde
1410 2186 1575 2214 omnes
1599 2169 1743 2215 ferme

337 2246 523 2291 comitis
546 2247 757 2307 ejusdem
779 2248 1044 2310 stipatores,
1069 2247 1148 2308 qui
1169 2262 1278 2291 cum
1300 2246 1445 2292 laneis
1465 2255 1511 2291 et
1529 2262 1744 2292 commu-

394 2421 430 2455 1.
463 2421 493 2455 A
523 2426 619 2454 cette
650 2426 856 2466 entrevue,
887 2417 952 2467 qui
983 2425 1047 2454 eut
1078 2416 1153 2454 lieu
1180 2416 1231 2454 du
1258 2419 1279 2453 8
1307 2430 1356 2454 au
1385 2419 1433 2454 18
1459 2418 1542 2465 juin
1567 2419 1684 2461 1467,
1709 2417 1744 2454 le

342 2486 465 2515 comte
489 2477 536 2514 de
558 2477 744 2514 Warwick
771 2490 810 2514 se
832 2478 1006 2527 presenta
1028 2490 1175 2514 comme
1197 2476 1467 2514 ambassadeur
1486 2477 1670 2514 accreditc
1694 2475 1744 2512 du

341 2538 398 2574 roi
423 2537 699 2588 d’Angleterre.
729 2539 776 2573 Sa
799 2537 1059 2581 nominatim,
1089 2537 1197 2574 (lutee
1219 2536 1268 2573 ‹lu
1292 2541 1313 2573 b*
1336 2538 1407 2575 mai
1432 2541 1550 2586 1467,
1571 2546 1626 2575 est
1651 2536 1744 2574 dans

337 2599 496 2646 Rymer,
519 2605 544 2633 t.
567 2598 643 2641 XI,
666 2608 702 2644 p.
729 2598 818 2631 5578.

393 2660 429 2697 2.
465 2657 649 2694 L’auteur
669 2657 791 2693 aurait
821 2670 870 2707 pu
893 2656 1039 2703 ajouter
1058 2670 1131 2706 que
1152 2657 1186 2693 le
1207 2658 1262 2694 roi
1282 2658 1356 2695 alla
1376 2657 1548 2695 rccevoir
1570 2657 1603 2694 le
1622 2664 1744 2693 comte

341 2718 387 2755 de
407 2717 593 2754 Warwick
616 2718 636 2752 ἐι
655 2716 755 2753 deux
780 2715 896 2753 lienes
916 2715 1006 2751 hors
1025 2715 1071 2752 (le
1092 2719 1241 2754 Romen.
1263 2717 1404 2755 Cbron.
1428 2716 1555 2753 scand.
