1923 3020
744 220 878 254 LIBER
906 218 1120 252 TERTIUS.
1562 217 1636 252 263

708 393 1042 438 CAPITULUM
1080 393 1156 435 ΧΙ.

258 526 306 557 De
327 525 436 558 altero
453 526 572 570 praelio
590 526 685 572 apud
709 526 876 565 Τεμπῶν-ἰ,
898 526 931 558 ἰη
954 538 1024 570 quo
1045 525 1208 558 occubuit
1231 525 1396 558 dominus
1409 523 1608 566 Edoardus,

625 579 786 624 princeps
802 579 959 620 Vanliae,
981 590 1060 611 cum
1078 578 1195 610 multis
1210 578 1234 610 ¹.

296 691 485 737 Audivit
519 693 750 754 siquidem
779 694 1041 750 Edoardus,
1072 710 1163 738 xvl.
1208 693 1420 754 ejusdem
1461 695 1635 738 mensis

232 767 346 824 dic-³²,
375 784 427 812 ex
454 769 603 814 Gallia
636 769 881 815 dominam
910 772 1233 831 Margaretam,
1259 770 1448 815 Henrici
1469 771 1634 833 conju-

231 861 354 907 gem,
382 862 492 891 cum
517 846 755 904 Edoardo,
791 847 887 892 filio
914 864 1024 906 suo,
1058 847 1185 892 dicto
1215 847 1429 910 principe
1453 849 1634 894 Walliae

231 921 363 982 (cum
386 939 481 984 quo
505 925 780 985 praeclarum
801 922 932 977 illud,
960 922 1019 968 de
1039 939 1136 985 quo
1152 939 1294 985 supra
1312 924 1630 983 meminimus,

229 998 379 1045 foedus
404 1003 691 1046 Francorum
714 1018 792 1046 rex
809 999 1090 1063 copularat),
1115 999 1408 1044 descendisse
1423 1010 1468 1045 et
1488 1017 1635 1064 appu-

227 1075 333 1121 lisse
357 1076 404 1121 in
429 1076 664 1137 Angliam,
688 1093 849 1122 versus
872 1085 1024 1139 partes
1048 1075 1405 1133 occident.ales³,
1448 1077 1494 1121 in
1526 1077 1632 1138 qui-

228 1152 317 1197 bus
334 1152 648 1215 plurimorum
666 1169 915 1215 procerum
935 1150 1169 1196 nobilium
1186 1161 1325 1212 atque
1342 1151 1631 1214 populorum

228 1227 408 1274 favores
430 1229 691 1291 praecipuos
715 1237 854 1290 atque
877 1227 1048 1273 auxilia
1071 1226 1366 1285 inveniebat3
1405 1227 1632 1290 quodque

228 1305 480 1366 trajecisset
505 1306 670 1351 eadem
694 1307 853 1367 regina
876 1305 936 1352 ad
953 1305 1189 1351 civitatem
1213 1306 1533 1352 Oxoniensem
1550 1309 1562 1330 a
1587 1317 1633 1353 et

228 1393 383 1445 partes
402 1383 521 1441 illas,
548 1383 628 1428 ubi
645 1384 850 1446 partium
873 1383 1026 1428 mariti
1049 1384 1120 1427 sui
1145 1391 1192 1428 et
1208 1383 1392 1428 comitis
1413 1383 1472 1428 de
1496 1386 1631 1428 War-

227 1459 325 1505 vich
348 1459 632 1522 agnoscebat
647 1477 746 1506 esse
766 1460 1048 1523 pertinacius
1072 1458 1362 1505 defensores.

290 1537 471 1593 Quibus
484 1537 626 1583 rebus
641 1537 808 1583 auditis
823 1547 868 1583 et
880 1536 1138 1594 intellectiS,
1157 1537 1256 1600 ipse
1272 1553 1349 1582 rex
1364 1537 1626 1595 Edoardus,

225 1614 323 1676 qui,
351 1624 457 1678 post
480 1615 725 1660 victoriam
742 1614 1044 1679 praedictam,
1084 1629 1132 1658 se
1170 1613 1439 1660 Londonias
1464 1624 1632 1661 contu-

225 1689 354 1745 lerat,
383 1691 551 1735 iterum
578 1706 684 1736 xxn.
723 1691 798 1736 die
833 1689 1042 1752 ejusdem
1068 1689 1256 1745 mensiS‚
1284 1699 1393 1734 octo
1417 1689 1633 1735 videlicet

225 1765 451 1813 duntaxat
486 1773 512 1812 a
546 1767 703 1830 priore
733 1766 892 1830 praelio
929 1765 1097 1811 diebus
1132 1767 1326 1822 exactis,
1375 1767 1630 1811 exercitum

224 1860 362 1889 suum
400 1843 460 1888 ad
494 1859 687 1907 campos
722 1843 932 1888 adduxit.
961 1843 1160 1888 Videbat
1192 1842 1319 1887 enim
1351 1857 1518 1904 parum
1541 1842 1627 1887 sibi

225 1936 321 1965 esse
354 1919 484 1981 quod
515 1920 585 1964 sui
616 1919 912 1982 perfidissimi
936 1919 1190 1982 proditoris
1224 1917 1444 1962 naz-wiell
1478 1918 1629 1963 victor

224 1996 483 2054 exstitisset,
511 1996 599 2041 nisi
630 1996 770 2041 etiam
805 1995 1028 2041 adversus
1058 1996 1180 2040 lianc
1202 1995 1412 2057 reginam
1434 1994 1627 2057 ejusque

224 2072 398 2130 filium,
431 2074 490 2119 ad
524 2089 644 2135 quos
677 2072 883 2136 plurium
907 2073 1052 2118 animi
1080 2071 1379 2128 ferebantur,
1423 2081 1467 2116 et
1490 2070 1630 2133 longe

224 2150 412 2211 majoris
449 2150 592 2213 partis
630 2150 776 2211 regni,
805 2159 899 2194 tam
929 2149 974 2193 in
1009 2148 1198 2193 Henrici
1229 2163 1371 2209 quam
1411 2148 1630 2192 lVarviclz

224 2225 490 2288 interempti
514 2225 746 2283 favorem,
774 2224 946 2286 quibus
972 2225 1144 2269 mirum
1168 2225 1213 2269 in
1245 2223 1442 2268 modum
1466 2222 1627 2286 plures

224 2300 563 2359 afficiebantur,
594 2301 718 2347 bello
743 2301 1017 2359 decertaret,
1050 2301 1265 2363 viresque
1296 2300 1395 2361 ejus
1420 2316 1630 2345 suarum·

223 2395 315 2440 que
357 2378 560 2423 fautores
606 2378 811 2442 partium
856 2378 1142 2442 opprimeret
1196 2387 1334 2440 atque
1386 2376 1622 2438 dejiceret.

276 2509 311 2542 1.
344 2506 520 2557 Chapitrc
542 2507 611 2543 tirc'
635 2506 680 2543 de
700 2507 736 2543 la
758 2508 879 2544 meme
898 2520 1030 2544 source
1050 2520 1124 2556 que
1143 2507 1179 2544 le
1199 2505 1418 2556 precedent.

275 2569 310 2602 2.
346 2570 396 2603 Le
419 2568 467 2602 16
491 2565 587 2603 avril
610 2568 725 2604 1-2711.

277 2629 312 2663 3.
350 2645 364 2658 u
388 2629 448 2663 Au
467 2638 559 2676 pays
579 2625 625 2662 de
644 2627 763 2672 West,
792 2644 806 2657 υ
828 2625 920 2662 dans
942 2624 978 2661 la
1000 2624 1160 2661 relation
1181 2637 1228 2661 en
1253 2623 1426 2673 srancais.

277 2689 312 2723 4.
344 2685 519 2734 Corrigez
542 2688 813 2722 Exetriensem.
839 2702 855 2717 u
877 2688 906 2721 Α
927 2684 961 2720 la
981 2685 1052 2720 cite
1072 2683 1118 2720 de
1138 2687 1330 2719 Excestre.
1353 2699 1369 2714 n
1392 2682 1491 2719 Ibid.
