1923 3020
271 267 318 302 88
630 260 966 295 HISTORIARUM
995 259 1228 293 LUDOVICI
1256 259 1310 293 XI

269 366 411 413 quarn
434 364 546 393 vero
571 362 760 391 causam
786 344 894 390 illuc
923 344 1048 389 idem
1079 343 1326 390 Bastardus
1355 360 1465 389 cum
1497 355 1671 390 armata

271 429 413 473 fuste¹
449 423 726 488 appulisset,
757 423 1037 480 sciscitatus,
1074 439 1122 467 se
1153 438 1344 484 prorsus
1384 421 1560 466 nescire
1602 437 1672 466 re-

269 501 483 566 spondit3
507 517 555 546 se
573 510 617 545 et
631 501 785 545 socios
799 516 909 544 suos
926 498 1255 562 stipendiarios
1272 498 1439 543 milites
1453 514 1569 556 esse,
1593 498 1673 560 qui

269 596 296 625 a
320 595 425 640 rege
443 578 557 640 jussi
582 577 778 622 fuissent
803 592 911 621 cum
938 575 1016 620 illo
1045 574 1289 635 Bastardo,
1317 575 1562 638 capitaneo
1587 573 1673 619 sibi

269 656 403 713 dato,
437 656 502 700 ire
538 670 843 716 quocumque
870 670 950 698 eos
979 652 1152 698 ducere
1177 652 1336 712 vellet,
1370 663 1414 697 et
1438 652 1564 714 jussa
1592 668 1674 698 sua

269 731 516 795 perficere3
549 731 664 793 quid
690 747 800 775 vero
828 746 964 791 agere
997 740 1255 793 proponat,
1288 745 1444 791 quove
1477 729 1534 774 sit
1562 746 1673 792 pro-

272 810 498 865 fecturus,
537 824 585 853 se
616 808 809 852 minime
842 806 1065 852 sollicitos
1095 824 1193 852 esse
1234 823 1320 851 nec
1355 807 1564 851 curiosos
1606 807 1674 851 in-

271 885 571 947 vestigatores
595 901 675 930 seu
702 885 998 946 inquisitores
1024 900 1121 928 esse
1149 882 1337 928 debere.

335 965 436 1007 Hoc
460 962 598 1024 igitur
619 961 683 1007 sic
712 961 872 1007 audito
902 970 947 1005 et
974 960 1113 1022 hujus
1142 960 1207 1004 rei
1237 976 1426 1004 rumore
1452 959 1511 1005 ad
1540 975 1676 1005 aures

270 1038 494 1102 principis
522 1037 727 1101 perlato,
759 1037 976 1082 admirati
1005 1045 1114 1081 sunt
1139 1051 1303 1081 omnes
1336 1045 1380 1080 et
1413 1035 1519 1080 facti
1551 1035 1678 1080 velut

271 1114 426 1160 subito
459 1114 669 1177 quodam
699 1123 890 1176 stupore
918 1113 1132 1169 attoniti,
1172 1121 1422 1175 pensantes
1451 1111 1677 1174 quidnam

271 1208 370 1237 esse
405 1200 562 1254 posset
609 1189 740 1252 quod
786 1198 973 1234 armatae
1010 1204 1178 1244 naves,
1222 1188 1337 1234 nihil
1372 1188 1499 1233 aliud
1535 1205 1678 1252 quam

272 1267 396 1311 viros
432 1275 477 1310 et
513 1281 643 1311 arma
682 1264 1006 1322 continenteS,
1049 1279 1074 1308 a
1115 1280 1222 1326 rege
1261 1267 1550 1309 Francorum
1586 1265 1677 1310 illic

273 1342 514 1387 destinatae
549 1350 727 1398 essent,
767 1350 813 1385 et
849 1350 943 1385 tam
977 1340 1094 1398 alte,
1134 1339 1256 1385 intra
1291 1339 1440 1384 Rheni
1474 1339 1679 1386 fluminis

272 1419 475 1474 alveum,
501 1433 528 1462 a
553 1417 669 1461 mari
696 1416 788 1462 illic
813 1416 1123 1462 emersissent.
1151 1415 1298 1461 Dolos
1319 1416 1476 1478 itaque
1500 1426 1545 1462 et
1567 1417 1678 1462 insi-

274 1494 374 1539 dias
400 1491 621 1537 omnibus
644 1491 1005 1555 suspicantibus,
1033 1492 1186 1538 statim
1210 1492 1375 1537 armati
1400 1492 1526 1537 missi
1552 1502 1676 1552 sunt,

275 1570 356 1632 qui
381 1584 550 1614 navem
583 1569 629 1613 in
655 1577 795 1631 portu
822 1569 1160 1631 quiescentem,
1191 1585 1298 1614 cum
1325 1567 1546 1613 omnibus
1575 1569 1681 1615 viris

275 1663 394 1709 quos
421 1644 706 1704 advexisset,
738 1644 825 1690 sub
851 1653 1028 1691 arresto
1051 1654 1286 1708 ponerent
1310 1654 1356 1690 et
1378 1644 1424 1689 in
1451 1644 1681 1708 oppidum

275 1722 582 1768 adducerent.

340 1799 483 1855 Quod
513 1815 622 1844 cum
653 1799 715 1843 ita
750 1798 921 1843 factum
958 1799 1140 1858 fuisset,
1177 1808 1421 1861 coeperunt
1450 1798 1682 1860 sigillatim

278 1893 442 1922 omnes
470 1876 643 1938 inquiri
667 1874 914 1936 diligenter
941 1885 987 1921 et
1015 1875 1181 1921 sedulo
1211 1891 1427 1937 quaenam
1451 1891 1589 1921 causa
1612 1875 1681 1920 sui

276 1952 386 1998 illuc
405 1951 635 1998 adventus
653 1961 788 2010 esset,
812 1952 1038 2014 quodque
1056 1952 1104 1996 in
1123 1951 1355 1997 mandatis
1372 1968 1396 1996 a
1415 1967 1519 2013 rege
1537 1950 1681 1995 habe-

279 2039 404 2086 rent,
434 2028 496 2074 ob
521 2028 651 2091 quod
676 2028 1054 2090 exsequendum,
1084 2038 1274 2091 portum
1306 2028 1370 2073 sic
1398 2027 1527 2072 illum
1553 2026 1682 2071 clan-

279 2105 439 2150 culum
462 2105 726 2169 petiissent,
753 2104 811 2149 de
835 2121 922 2149 suo
947 2104 1151 2150 adventu
1178 2121 1264 2149 nec
1289 2104 1572 2167 principem,
1596 2119 1684 2149 nec

281 2198 567 2244 quemquam
599 2198 795 2227 suorum
829 2181 1156 2227 certificantes.
1186 2182 1466 2245 Capitaneus
1498 2189 1681 2238 autem,

282 2258 356 2303 ille
384 2259 631 2304 Bastardus
655 2259 830 2304 scilicet
856 2259 915 2304 de
947 2258 1227 2321 Rubempre‘,
1260 2258 1424 2304 videns
1454 2257 1564 2315 sibi,
1597 2258 1686 2303 nisi

285 2334 526 2379 veritatem
564 2345 862 2394 agnosceret,
906 2336 1070 2380 mortis
1109 2336 1355 2380 imminere
1394 2333 1682 2396 periculum,

340 2490 376 2525 1.
408 2492 524 2523 Arma
550 2488 647 2536 suste
670 2488 762 2524 (lans
782 2490 816 2525 le
840 2503 908 2527 ms.
933 2493 1056 2526 Fastis
1085 2503 1134 2526 ou
1166 2491 1288 2538 fasta,
1315 2502 1360 2526 en
1385 2490 1499 2526 vieux
1529 2487 1688 2537 francais

287 2560 355 2582 une
377 2548 489 2595 fttscr,
511 2556 545 2583 et
569 2548 652 2596 plus
674 2547 754 2582 tard
777 2562 846 2582 {me
863 2550 991 2596 fiune,
1014 2559 1067 2585 est
1087 2549 1122 2586 le
1141 2561 1350 2599 synonyme
1371 2548 1418 2585 de
1443 2561 1484 2584 ce
1503 2561 1576 2597 que
1592 2547 1687 2583 l'au-

287 2614 370 2642 teur
393 2605 542 2655 appelle
573 2605 655 2654 plus
682 2604 773 2640 haut
793 2606 938 2641 subtilis
959 2611 1106 2655 gallea,
1135 2608 1250 2658 petite
1276 2607 1411 2658 gallee.
1441 2610 1512 2644 Les
1534 2605 1689 2642 chroni-

287 2676 428 2712 queurs
446 2663 606 2712 francais
623 2663 790 2700 donnent
805 2664 839 2700 la
855 2664 1135 2704 (lcnomination
1151 2667 1197 2704 de
1210 2667 1395 2703 bulcinier
1406 2681 1453 2705 au
1468 2666 1600 2703 navire
1614 2676 1687 2714 que

289 2722 445 2758 montait
467 2723 501 2759 le
519 2721 654 2759 Batai-d
677 2721 722 2759 de
741 2722 970 2773 Rubemprc.
