1923 3020
290 261 336 296 40
654 259 989 296 HISTORIARUM
1014 260 1246 295 LUDOVICI
1274 261 1328 294 XI

285 347 558 393 auctoritate
583 346 864 408 procedere,
889 364 992 408 quae
1012 346 1167 391 onmia
1194 344 1523 406 hujuscemodi
1545 348 1684 391 vecti-

286 423 399 485 galia
427 431 564 483 atque
588 439 732 468 oucra
757 423 815 468 (le
841 439 983 484 regno
1018 422 1200 468 auferre
1239 422 1551 468 recentissime
1576 440 1684 486 pro—

285 499 501 555 misisset,
525 498 746 544 adversus
773 499 896 561 ipsos
921 498 1144 544 officiales
1161 537 1170 555 ,
1203 500 1268 544 ira
1292 509 1338 544 et
1364 498 1684 561 indignatione

283 575 506 639 permoti,
534 575 906 634 insurrexerunt,
935 575 1253 638 eosdemque,
1282 576 1367 621 nisi
1397 585 1576 621 mature
1604 593 1685 639 per

284 651 439 714 sugam
487 651 572 696 sibi
626 650 924 696 consulentes
975 668 1072 698 sese
1136 652 1475 709 occuluissent,
1527 652 1683 699 furore

281 728 523 786 saeviente,
574 728 740 791 procul
785 727 931 773 dubio
974 729 1294 791 peremissent.
1351 729 1681 775 Existimabam

281 804 407 849 enim
442 819 516 862 ca,
543 820 647 865 quie
669 820 804 865 agere
827 803 1153 862 inchoassent,
1184 821 1348 849 eorum
1380 805 1572 850 avaritia
1601 822 1680 850 seu

279 880 537 926 temeritate
573 879 851 942 procedere,
894 896 988 924 non
1023 881 1154 942 jussu
1197 881 1340 943 regis,
1380 882 1487 943 qui,
1524 882 1682 945 paucis

279 957 597 1020 proximisque
633 965 740 1000 ante
764 955 952 1013 diebus,
995 957 1060 1001 eis
1099 957 1254 1019 palam
1295 957 1527 1020 pollicitus
1566 969 1683 1004 esset

279 1035 438 1079 onmia
474 1032 745 1094 hujusmodi
783 1032 1020 1094 vectigalia
1058 1034 1355 1095 exstinguere
1391 1044 1434 1079 et
1472 1035 1676 1080 abolere.

282 1111 415 1155 Unde
448 1111 493 1154 in
526 1110 697 1155 domos
736 1109 1005 1154 osticialitun
1039 1110 1307 1171 hujusmodi
1337 1111 1588 1170 irruentes,
1617 1113 1681 1157 eis

279 1187 472 1232 minime
508 1187 723 1249 repertis,
758 1187 1000 1231 inventam
1036 1186 1127 1231 illic
1165 1187 1531 1250 suppellectilem
1570 1189 1679 1234 diri-

279 1272 484 1327 puerunt
503 1271 548 1307 et
575 1263 767 1323 registra
789 1279 984 1308 suorum
1020 1263 1285 1309 officiorum
1314 1264 1384 1310 vel
1419 1264 1681 1311 lacerarunt

279 1341 349 1386 vel
371 1349 658 1385 exusserunt.
690 1344 803 1396 Quat
831 1357 903 1385 res
938 1341 1168 1402 insignem
1198 1340 1321 1386 illam
1349 1352 1394 1387 et
1429 1343 1681 1387 vetustissi-

280 1434 403 1462 mam
429 1416 592 1462 urbem
616 1417 661 1461 in
692 1433 914 1479 magnum
941 1418 1191 1463 discrimen
1221 1420 1573 1482 periculumque
1597 1421 1679 1466 ad-

276 1493 424 1538 duxit.
453 1493 582 1538 lllico
603 1494 730 1538 enim
753 1503 801 1538 ut
825 1495 923 1555 ejus
957 1496 1019 1539 rei
1048 1494 1168 1540 sama
1192 1495 1252 1540 ad
1277 1511 1411 1540 aures
1438 1496 1555 1558 regis
1579 1514 1679 1559 per-

276 1570 431 1629 venit,
462 1570 608 1614 missis
652 1571 929 1615 exercitibus
969 1581 1012 1616 et
1051 1572 1243 1634 copiosa
1288 1571 1471 1627 militia,
1517 1571 1678 1618 urbem

278 1648 424 1710 ipsam
446 1648 757 1693 exterminare
781 1649 1096 1712 proponebat,
1121 1650 1203 1694 nisi
1232 1649 1369 1695 celeri
1389 1650 1679 1713 poenitudine

276 1724 400 1769 cives
420 1723 505 1768 sibi
524 1725 717 1770 solerter
739 1726 1066 1788 providentes,
1096 1727 1234 1772 tantis
1258 1727 1472 1789 perieulis
1497 1726 1677 1773 obvias-

279 1813 396 1848 sent.
452 1806 567 1847 (Juzn
620 1804 775 1864 itaque
826 1805 1056 1849 exercitus
1107 1822 1245 1865 agros
1290 1805 1461 1849 civitati
1504 1805 1680 1850 vicinos

277 1895 533 1943 pervagans
571 1879 736 1925 diebus
776 1881 934 1943 paucis
981 1881 1274 1944 populasset,
1314 1897 1513 1943 praesens
1547 1890 1592 1926 et
1631 1882 1675 1925 in

279 1955 455 2000 loribus
480 1957 728 2001 imminens
745 1957 960 2013 exitium,
983 1958 1062 2019 qui
1085 1958 1374 2020 potentiores
1393 1967 1437 2002 et
1464 1957 1677 2002 meliores

277 2034 323 2077 in
347 2033 528 2078 civitate
555 2044 712 2091 erant,
740 2035 1065 2096 inspicienteS,
1092 2051 1188 2079 sese
1225 2034 1369 2091 clam,
1410 2033 1548 2078 armis
1573 2050 1676 2078 cor-

277 2110 445 2171 reptis,
490 2128 533 2154 u:
581 2128 728 2156 unum
771 2127 936 2171 agmen
968 2121 1221 2173 coegerunt
1260 2122 1329 2169 et,
1373 2110 1678 2174 apprehensis

278 2185 515 2229 nonnullis
539 2204 591 2230 ex
614 2186 904 2249 plebeiorum
928 2196 1046 2232 statu
1069 2223 1079 2244 ,
1107 2188 1184 2249 qui
1206 2186 1446 2232 seditionis
1466 2194 1511 2230 et
1531 2186 1678 2230 insur-

279 2263 497 2308 rectionis
523 2265 648 2309 saeta·
672 2276 888 2311 auctores
923 2267 1223 2324 exstitissent,
1253 2265 1476 2309 miserunt
1502 2265 1678 2325 legatos

278 2339 336 2385 ad
370 2339 512 2383 duces
543 2342 769 2385 exereitus
802 2353 846 2387 et
880 2343 1125 2403 magistros
1162 2343 1359 2386 militum
1393 2341 1575 2386 veniam
1605 2358 1678 2386 ex-

279 2417 583 2481 postulante&
620 2422 717 2462 mon
753 2421 876 2464 euim
913 2438 966 2464 ex
997 2420 1194 2464 civitatis
1229 2419 1566 2464 deliberatione
1598 2436 1676 2464 seu

278 2494 494 2548 decreto,
518 2494 588 2539 wi
612 2496 967 2541 assentientibus
989 2497 1197 2541 honestis
1221 2497 1424 2554 civibus,
1442 2487 1533 2541 sed
1567 2512 1678 2558 pau-

279 2588 443 2616 corum
462 2571 520 2615 de
541 2570 701 2615 humili
730 2572 863 2632 plebe
884 2574 1110 2632 factione,
1135 2573 1307 2635 quibus
1325 2583 1422 2617 tum
1444 2572 1678 2617 honestio-

278 2647 434 2704 ribus,
464 2657 588 2692 nietu
614 2657 879 2709 premente,
910 2648 1098 2694 facultas
1125 2667 1219 2694 non
1247 2649 1395 2694 fuerat
1420 2649 1670 2699 obsistere.

282 2725 533 2769 tumultum
575 2723 847 2785 hujusmodi
897 2723 1174 2785 turbamque
1221 2726 1356 2770 fuisse
1398 2725 1669 2778 suscitatos;
