1923 3020
706 249 846 285 LIBER
875 249 1137 286 SECUNDUS.
1548 249 1621 283 165

678 442 1010 486 CAPITULUM
1050 443 1168 484 XVI.

228 578 278 609 De
300 576 520 621 expeditione
537 578 634 611 ducis
657 578 949 625 Burgundionum
972 587 1092 612 contra
1121 577 1331 618 Dinantum;
1360 586 1392 610 et
1411 576 1454 610 de
1477 576 1619 610 simula-

274 629 367 662 tione
383 630 470 674 regis
488 632 713 675 Francorum,
733 633 892 679 fingentis
913 646 946 665 se
966 633 1052 667 velle
1069 632 1150 665 dare
1169 632 1206 664 in
1224 631 1483 664 matrimonium
1503 631 1621 664 comiti

276 681 319 714 de
343 682 507 716 Cltarolois
531 685 636 718 filiam
656 699 769 729 suam;
787 687 859 731 qui,
879 686 923 718 ob
941 698 1014 718 eam
1037 684 1239 717 affinitatem
1260 682 1507 727 copulandam,
1528 683 1623 728 lega-

275 735 404 768 tionem
423 736 612 770 solemnem
628 739 671 772 ad
691 752 806 784 regem
826 737 1009 772 destinavit
1024 738 1046 772 ¹.

293 855 411 898 Cum
432 871 543 899 vero
561 855 658 900 haec
680 856 739 902 ita
763 874 846 922 per
863 870 1020 915 regem
1037 853 1258 898 adversus
1278 852 1466 897 fratrem
1483 868 1620 897 suum

229 938 273 973 et
310 930 511 992 partium
547 948 736 977 suar-um
770 931 1002 977 studiosos
1042 929 1401 987 factitarentur2,
1435 928 1622 974 illustris

228 1021 387 1051 comes
407 1005 463 1052 de
490 1007 752 1067 Clzmvlois,
782 1009 885 1070 qui,
909 1008 976 1052 uti
1007 1005 1236 1061 diximus,
1265 1004 1488 1050 adversus
1507 1007 1621 1050 Leo-

230 1081 426 1142 dienses,
457 1094 506 1129 ut
528 1101 692 1130 eorum
716 1095 870 1130 motus
890 1083 1246 1146 comprimeret,
1273 1097 1405 1126 suam
1427 1081 1623 1126 duxerat

229 1159 592 1222 expeditionem,
612 1178 635 1206 a
652 1160 1078 1207 Sancti-Trudonis3
1095 1157 1292 1222 oppid0‚
1315 1157 1441 1219 quod
1468 1157 1622 1202 eidem

229 1244 340 1280 tunc
359 1237 645 1300 proprioque
662 1237 853 1301 parebat
873 1237 1094 1299 episcopo
1107 1237 1136 1293 ¹⁶,
1160 1235 1314 1280 exiens
1338 1249 1496 1278 versus
1513 1234 1623 1279 Leo-

229 1312 377 1372 dium,
404 1314 579 1375 trajecit
601 1315 646 1359 in
668 1331 858 1377 campos
882 1329 1030 1377 prope
1051 1311 1193 1357 finem
1213 1311 1384 1356 mensis
1399 1311 1618 1372 januarii.

229 1391 280 1433 ln
316 1406 435 1452 quos
470 1391 609 1436 etiam
638 1407 746 1436 cum
776 1408 800 1435 e
831 1391 1016 1436 civitate
1040 1389 1215 1434 Leodio
1243 1387 1494 1433 multitudo
1528 1403 1624 1450 po—

228 1469 326 1532 puli
364 1470 483 1515 male
523 1480 698 1515 armata
738 1479 782 1515 et
816 1471 914 1514 sine
951 1467 1116 1513 ordine
1154 1467 1421 1525 exsiliisset,
1463 1466 1624 1529 paucis

229 1562 282 1590 ex
315 1546 380 1590 eis
410 1546 562 1605 caesis,
591 1546 794 1591 exterriti
819 1545 971 1591 caeteri
1002 1561 1163 1608 pacem
1195 1554 1239 1589 et
1266 1543 1451 1589 veniam
1476 1542 1623 1605 petie-

229 1635 353 1670 runt.
382 1628 535 1681 Quam
566 1625 758 1687 quidem
783 1626 880 1688 ipse
903 1624 1090 1669 illustris
1119 1640 1278 1669 comes
1302 1640 1357 1669 ex
1389 1638 1622 1667 consensu

228 1701 389 1764 patris,
416 1702 496 1763 qui
523 1718 664 1746 senex
689 1710 734 1746 et
758 1699 1029 1761 grandaevus
1049 1699 1200 1745 stabat
1222 1697 1459 1754 Brucellis,
1488 1698 1624 1742 certis

228 1776 406 1838 legibus
438 1777 622 1836 dedit5,
663 1777 855 1822 minime
888 1786 1042 1822 tamen
1079 1775 1445 1821 Dinantensibus
1485 1774 1531 1819 in
1571 1791 1623 1820 ea

229 1853 579 1916 comprehensis
596 1892 606 1912 ,
638 1855 716 1916 qui
738 1854 912 1899 caeteris
939 1853 1218 1898 Eburonum
1245 1851 1432 1915 populis
1458 1868 1622 1913 proca-

227 1930 375 1975 ciores
399 1940 442 1975 et
465 1930 727 1976 stolidiores
746 1940 892 1976 erant.

291 2010 348 2052 Et
378 2007 604 2069 quoniam
634 2007 721 2069 ipsi
751 2006 1027 2052 Leodienses
1058 2005 1253 2067 antiquo
1287 2003 1414 2066 pacis
1450 2002 1622 2048 foedere

227 2085 445 2146 nequiter
470 2100 497 2129 a
520 2100 567 2128 se
599 2083 790 2141 violato,
816 2099 978 2146 poenas
1004 2084 1051 2127 in
1078 2098 1130 2128 eo
1161 2080 1524 2144 cou'ipreliensas
1548 2080 1623 2124 in-

227 2170 494 2217 currerant,
534 2160 799 2221 damnaque
832 2159 1117 2222 permaxima
1162 2159 1209 2202 in
1247 2157 1380 2202 terris
1413 2155 1623 2201 finitimis

229 2238 484 2284 Brabantiae
508 2248 552 2283 et
569 2239 816 2284 comitatus
838 2238 1165 2283 Namurcensis
1188 2236 1380 2298 aliisque
1405 2235 1624 2298 adjacen-

227 2314 371 2373 tibus,
397 2316 455 2361 ad
490 2315 660 2360 ducem
693 2314 970 2375 Burgundiae
1004 2312 1340 2377 spectantibus,
1370 2311 1624 2357 intulerant

280 2471 314 2505 1.
349 2467 524 2517 Chapitrc
547 2465 673 2516 publie
698 2466 790 2503 dans
820 2465 1090 2515 l’Amplissima
1113 2468 1290 2509 collectio,
1310 2472 1337 2500 t.
1355 2465 1422 2506 IV,
1438 2462 1512 2500 col.
1531 2465 1624 2501 747.

278 2530 314 2563 2.
345 2529 546 2563 Facticarec
565 2525 656 2562 dans
676 2525 710 2562 le
732 2538 800 2562 ms.

280 2589 315 2623 3.
349 2585 595 2621 saint-Trou.

280 2648 316 2684 4.
349 2643 600 2681 C’est-a-‹lire
621 2647 639 2680 ἐι
661 2644 835 2694 l'eveque
858 2644 904 2680 de
927 2643 1054 2693 Liege.

280 2706 316 2739 5.
350 2703 564 2750 13janvier
584 2705 700 2743 «1466.
