1923 3020
301 200 376 235 320
660 194 998 231 HISTORIARUM
1028 192 1262 228 LUDOVICI
1291 193 1346 226 XI

298 287 497 333 aliorum
529 280 817 344 oppidorum
836 316 846 336 ,
874 289 927 324 ut
955 278 1225 343 Sutphaniae
1255 287 1300 323 et
1325 276 1383 322 de
1407 280 1638 334 Arnem¹,
1663 289 1709 325 et

297 364 587 424 reliquorum
603 393 614 414 ,
640 357 722 420 qui
747 373 795 401 se
821 366 867 401 et
891 373 995 402 suas
1022 356 1310 401 munitiones
1336 354 1475 417 longe
1508 354 1710 417 impares

298 439 355 484 ad
380 434 694 481 resistendum
730 432 1190 495 Noviomagensibus
1214 430 1566 488 existimabant,
1591 432 1712 494 peri-

298 513 414 560 culis
440 511 701 576 prudenter
724 509 914 555 obviam
940 519 1134 568 euntes,
1163 508 1309 572 pactis
1330 507 1467 552 certis
1493 507 1714 570 pecunia-

298 607 402 635 rum
440 588 635 634 summis
658 586 718 632 ad
756 595 910 632 certos
950 587 1177 632 terminos
1215 584 1537 641 exsolvendis,
1574 584 1714 630 etiam

299 665 387 711 sub
408 674 683 730 potestatem
704 663 915 725 ejusdem
942 662 1331 724 Burgundionum
1361 661 1494 706 ducis
1519 661 1714 706 transie-

301 754 432 803 runt,
461 743 789 808 promittentes
812 741 871 787 ab
896 758 951 786 eo
978 739 1256 804 imperanda
1276 738 1501 803 perficere
1520 748 1564 783 et
1586 755 1716 783 com-

301 822 448 886 plere.
478 824 653 867 Tantus
676 836 790 865 vero
815 828 967 864 metus
1001 828 1246 880 terrorque
1276 816 1482 862 nominis
1508 819 1717 877 Burgun-

302 900 501 945 dionum
539 897 700 957 ducis,
741 895 990 940 Frisonum
1032 904 1176 940 terras
1222 894 1490 956 vicinasque
1527 901 1716 938 caeteras

303 978 565 1034 invaserat,
593 973 726 1037 quod
762 973 1000 1037 profecto,
1028 973 1063 1017 si
1096 972 1175 1017 illo
1207 971 1597 1033 Burgundionum
1627 987 1718 1015 co—

303 1057 389 1119 piae
424 1052 802 1108 descendissent,
830 1067 928 1096 non
953 1049 1083 1096 aliud
1106 1049 1322 1094 aestimari
1358 1058 1543 1111 poterat
1574 1063 1716 1110 quam

304 1132 435 1196 quod
460 1132 702 1189 Frisones,
732 1145 851 1191 quos
886 1126 944 1172 ab
975 1127 1172 1188 antiquo
1198 1125 1434 1188 principes
1460 1124 1718 1169 Hollandiae

305 1211 376 1256 sui
395 1209 513 1272 juris
537 1224 637 1254 esse
661 1204 984 1270 praetendunt,
1013 1202 1227 1248 similiter
1251 1212 1301 1246 ut
1334 1201 1397 1246 illi
1421 1200 1480 1246 de
1506 1201 1716 1256 Geldria,

306 1287 456 1332 facere
479 1285 770 1331 deditionem
798 1291 844 1327 et
864 1279 1107 1343 imperatis
1139 1295 1304 1342 parere
1330 1277 1720 1340 Burgundionum

308 1363 441 1409 ducis
481 1361 779 1407 obtulissent.
809 1361 976 1403 Fuerat
1013 1357 1141 1402 enim
1175 1365 1272 1401 tota
1306 1355 1381 1401 illa
1416 1364 1546 1400 aestas
1581 1370 1722 1417 supra

308 1441 502 1485 solitum
535 1436 686 1483 calida
718 1445 764 1481 et
802 1435 953 1492 sicca,
983 1449 1130 1496 usque
1166 1448 1378 1478 mensem
1404 1430 1634 1488 octobris,
1663 1430 1723 1475 ita

311 1526 360 1561 ut
396 1516 524 1561 fossae
561 1523 604 1559 et
637 1528 826 1575 aggeres
858 1509 1183 1574 palustresque
1224 1509 1475 1554 Frisonum
1514 1507 1636 1570 agri,
1674 1507 1720 1551 in

309 1593 481 1656 quibus
520 1601 687 1637 contra
724 1588 934 1635 hostium
976 1588 1190 1633 incursus
1236 1585 1436 1631 maxime
1483 1583 1724 1630 confidere

310 1671 488 1726 solent,
514 1670 579 1714 eis
603 1669 702 1715 fore
720 1666 893 1713 auxilio
911 1666 1106 1711 minime
1125 1664 1405 1728 potuissent.
1431 1665 1575 1707 Erant
1597 1661 1725 1707 enim

312 1759 424 1795 tunc
449 1764 582 1811 paene
613 1747 789 1808 ubique
822 1744 942 1790 adeo
978 1743 1122 1805 longo
1160 1741 1271 1787 solis
1297 1749 1407 1786 aestu
1435 1738 1649 1785 exsiccati
1680 1746 1726 1782 et

312 1827 543 1885 indurati,
596 1835 644 1870 ut
682 1841 780 1869 non
827 1822 974 1868 modo
1005 1820 1213 1884 pedites,
1252 1819 1334 1865 sed
1383 1828 1427 1864 et
1467 1818 1646 1880 equites
1680 1825 1726 1862 et

313 1905 521 1969 plaustra
549 1904 673 1948 sicco
698 1901 891 1963 vestigio
918 1898 1051 1944 facile
1078 1906 1432 1943 sustentassent.

378 1984 552 2027 Verum
589 1995 698 2024 cum
729 1994 783 2023 ea
818 1976 1150 2040 opportunitas
1182 1975 1242 2021 ad
1273 1984 1452 2021 tantam
1482 1988 1582 2018 rem
1607 1987 1727 2018 con-

317 2058 567 2105 ficiendam
589 2073 687 2103 sese
711 2054 938 2102 attulisset
962 2050 1356 2114 Burgundionum
1381 2051 1513 2109 duci,
1542 2058 1641 2094 tum
1664 2048 1723 2094 ad

317 2135 405 2181 alia
443 2135 619 2197 majora
654 2132 899 2190 anhelans,
939 2130 1019 2176 illo
1057 2140 1170 2175 tunc
1203 2128 1437 2193 proficisci
1476 2125 1725 2184 abstinuit,

318 2230 512 2275 remque
535 2210 868 2274 hujuscemodi
892 2210 940 2255 in
968 2208 1096 2255 aliud
1117 2207 1295 2254 distulit
1317 2217 1518 2269 tempus.

373 2354 410 2388 1.
442 2350 616 2400 Zutphen
636 2359 672 2387 et
695 2348 893 2386 Arnheim.
