1923 3020
325 266 345 298 2
353 267 400 300 58
691 262 1027 297 HISTORIARUM
1057 261 1288 296 LUDOVICI
1319 263 1373 295 XI

326 354 496 407 ricum,
545 347 643 407 ejus
688 346 957 403 inimicum,
991 362 1143 409 nuper
1187 345 1233 391 in
1274 361 1471 406 regnum
1502 361 1555 390 ex
1586 347 1728 409 longo

320 441 506 472 carcere
538 425 707 468 iterum
739 434 950 468 erectum
979 433 1024 469 et
1055 423 1384 479 sublimatum,
1415 424 1460 469 in
1487 425 1728 487 captivita-

321 514 413 548 tem
450 500 674 563 reposuit.
705 501 837 563 Cepit
870 501 1009 546 etiarn
1041 510 1086 545 et
1113 500 1520 564 arehiepiscopum
1548 501 1726 547 Ebora-

321 595 508 625 censem
531 577 787 640 plurimum
821 577 975 622 eidem
1005 577 1278 623 faventem¹.
1312 580 1352 622 O
1384 577 1554 640 fragilis
1577 589 1623 625 et
1650 595 1727 624 ca-

320 655 444 701 duca
467 653 667 700 nimium
692 653 1014 699 humanorum
1035 654 1326 715 fastigiorum
1347 653 1594 700 celsitudo!
1635 675 1655 698 «
1686 655 1726 699 O

318 746 574 794 regnorum
601 750 621 771 »
650 740 701 775 ut
724 731 926 794 tragicus
949 731 1185 793 eleganter
1207 731 1423 788 eecinst',

820 861 980 920 magnis
1007 861 1131 902 fallax

555 932 741 973 Fortuna
765 932 909 985 bonis,
936 933 978 972 in
1001 933 1203 990 praecipiti

556 1003 779 1060 Dubioquo
802 1004 925 1043 nimis
947 1002 1109 1044 excelsa
1132 1003 1259 1045 locas.

556 1076 782 1132 Nunquam
807 1073 1017 1131 placidam
1039 1085 1199 1130 sceptra
1220 1075 1402 1130 quietem

556 1149 778 1188 Certumve
801 1146 863 1185 sui
886 1156 1056 1186 tenuere
1082 1143 1210 1184 diem.

321 1274 499 1320 Cecinit
517 1273 658 1318 etiam
684 1268 839 1315 infelix
865 1268 1101 1325 Priamus,
1127 1283 1287 1313 eversa
1309 1267 1466 1328 Troja³
1487 1287 1495 1313 ;

501 1403 764 1458 Quicumque
786 1415 917 1458 regno
942 1398 1033 1441 fidit
1055 1410 1097 1441 et
1120 1416 1273 1458 magna
1295 1410 1445 1457 potens

496 1474 748 1515 Dominatur
770 1471 880 1512 aula.
896 1505 904 1512 .
925 1505 933 1512 .
955 1505 963 1512 .
984 1506 992 1513 .

497 1546 567 1586 Me
589 1544 732 1586 videat
756 1555 793 1585 et
821 1555 881 1595 te,
906 1544 1048 1598 Troja.
1073 1543 1171 1583 Non
1191 1558 1319 1600 usque
1344 1543 1482 1584 novitt

500 1619 764 1659 Documenta
785 1632 873 1657 sors
895 1617 1078 1671 majora,
1106 1631 1232 1673 quam
1254 1615 1389 1674 fragili
1412 1615 1506 1657 loco

493 1690 659 1731 Starent
681 1687 866 1746 superbi.

318 1823 374 1864 Et
406 1819 466 1865 de
501 1818 644 1881 ipsius
689 1814 1033 1862 calamitatibus
1072 1824 1213 1877 atque
1253 1814 1523 1860 infortuniis
1567 1815 1721 1861 multae

316 1895 573 1959 tragoediae,
608 1904 653 1940 et
687 1910 843 1956 graecoe
871 1902 916 1938 et
942 1892 1118 1950 latinae,
1155 1892 1289 1937 editae
1323 1902 1446 1938 sunt.
1481 1892 1570 1939 Sed
1605 1893 1718 1955 quid

315 1973 473 2019 infelix
510 1973 595 2018 iste
638 1971 867 2017 Henrieus
907 1980 975 2014 est
1023 1969 1267 2014 dicturus?
1304 1969 1485 2025 Quibus
1534 1969 1716 2029 verbis,

321 2050 494 2113 quibus
516 2049 734 2111 lacrymis
757 2057 802 2093 et
830 2045 1111 2110 singultibus
1135 2062 1268 2091 suain
1303 2045 1632 2110 deploraturus
1664 2047 1720 2091 sit

368 2206 382 2239 =1
397 2232 404 2239 .
438 2204 605 2253 Georges
619 2203 759 2249 NeviH,
778 2201 898 2253 grand
918 2202 1134 2239 ehancelier
1151 2201 1415 2253 d'Angleterre
1429 2210 1464 2239 et
1479 2202 1719 2252 archeveque'

313 2261 477 2307 d'York,
509 2262 605 2297 frere
634 2261 683 2298 (lu
711 2270 833 2298 comte
863 2261 910 2298 de
935 2262 1139 2309 ¹»V111'wick‚
1172 2275 1246 2311 que
1271 2262 1324 2299 les
1349 2262 1549 2299 historiens
1575 2262 1719 2313 anglais

313 2322 488 2370 re'putent
502 2320 610 2356 avoir
624 2321 680 2356 ete
702 2321 748 2357 de
767 2320 1001 2357 connivence
1021 2334 1113 2358 avec
1130 2313 1309 2358 Edouard
1327 2322 1376 2359 IV
1394 2320 1445 2357 du
1463 2330 1719 2371 moment'que

312 2379 467 2417 celui-ci
488 2387 594 2416 entra
615 2381 634 2414 ἐι
655 2379 839 2418 Londrcs.

366 2442 403 2475 2.
437 2439 598 2475 Citation
619 2437 665 2474 de
686 2438 740 2473 ΓΑ
750 2451 979 2488 gaineinnon
1000 2437 1046 2474 (le
1066 2438 1254 2488 seneque.

368 2501 404 2536 3.
436 2500 505 2535 Ces
525 2510 612 2533 vers
633 2505 697 2531 ont
716 2498 771 2532 ete
794 2498 862 2533 mis
879 2511 947 2547 par
967 2499 1140 2547 seneque
1160 2510 1235 2534 non
1255 2510 1320 2547 pas
1339 2497 1431 2535 dans
1452 2498 1487 2534 la
1503 2498 1652 2535 bouelie
1671 2498 1717 2535 de

311 2558 451 2604 priam,
471 2556 563 2593 mais
581 2555 673 2592 dans
689 2554 782 2591 celle
799 2555 1007 2594 d'lleeube.
1027 2559 1125 2594 C'est
1139 2556 1422 2594 l'introduction
1437 2556 1483 2593 de
1499 2557 1534 2594 la
1551 2555 1716 2608 tragedie

309 2618 481 2655 intitul('3e
508 2619 632 2652 Troas.

363 2679 398 2714 [ι.
428 2680 569 2713 Eri-eur
592 2674 639 2711 de
664 2673 845 2710 inemoire
869 2674 933 2722 qui
956 2675 1047 2710 rend
1079 2675 1112 2711 le
1137 2688 1222 2712 vers
1248 2675 1353 2714 saux.
1380 2679 1450 2712 Les
1478 2683 1595 2712 textes
1620 2687 1713 2723 por—

306 2744 384 2772 tent
405 2749 473 2771 nrm
497 2747 655 2782 unquam
678 2736 775 2768 tulit.
