1923 3020
746 262 891 297 LIBER
924 261 1189 300 SECUNDUS.
1594 263 1664 300 131

273 347 408 393 Unde
432 348 746 394 existimantes
769 364 818 393 se
841 358 1160 411 opportunam
1183 349 1482 396 occasionem
1508 359 1670 396 nactos

270 441 376 470 suas
425 434 602 470 veteres
640 434 853 487 acceptas
891 424 1082 485 injurias
1118 425 1370 472 ulciscendi
1411 425 1499 488 (eo
1537 425 1668 489 quod

271 500 515 546 crederent
537 502 762 547 comitem
784 501 842 546 de
865 501 1123 560 Clmrolois,
1150 519 1258 547 cum
1282 502 1502 548 omnibus
1524 503 1672 566 copiis

270 592 386 638 quas
414 576 663 635 eduxerat,
705 594 951 640 nunquam
976 578 1032 623 ad
1060 588 1204 624 terras
1229 595 1334 625 suas
1368 580 1466 625 fore
1494 579 1673 625 reditu-

271 668 376 697 rum
392 687 404 709 ,
440 669 704 716 magnaque
728 663 773 699 et
793 655 911 700 mira
934 670 982 700 se
1007 654 1238 699 facturum
1260 672 1341 701 rex
1364 655 1542 701 eisdem
1565 672 1673 718 pro-

271 729 518 790 mitteret),
532 740 832 793 erumpentes
846 747 954 775 cum
968 746 1139 791 magno
1157 730 1314 777 surore
1329 740 1468 794 atque
1483 732 1670 791 saevitia,

270 814 418 850 terras
442 805 701 852 Brabantiae
720 817 765 852 et
789 807 846 852 de
869 805 1135 851 Limborch¹
1161 817 1302 869 atque
1323 824 1459 870 agros
1482 811 1675 854 Namur-

270 882 482 927 censium
518 883 624 944 igne
658 893 704 929 et
726 883 849 929 ferro
873 883 1101 946 populare
1124 884 1326 945 aggressi
1349 894 1487 943 sunt,
1517 884 1674 948 plures

269 958 400 1005 villas
435 976 515 1005 seu
552 960 765 1021 villagia,
805 970 849 1006 et
882 975 1024 1023 supra
1056 959 1369 1007 ducentarum
1402 979 1671 1021 numerum,

269 1035 566 1098 plurimaque
617 1038 747 1083 utilia
790 1054 1011 1100 agrorum
1055 1036 1248 1083 aedificia
1293 1050 1584 1100 cremantes,
1628 1041 1675 1086 in

270 1112 447 1159 favillas
483 1123 529 1159 et
559 1114 738 1160 cineres
766 1114 954 1161 easdem
977 1113 1260 1177 redegerunt
1288 1133 1298 1161 z
1325 1115 1453 1161 stulti
1480 1116 1674 1179 quidem

270 1199 315 1236 et
338 1191 572 1237 temerarii
594 1191 746 1237 valde.

336 1268 427 1329 Ipsi
447 1268 592 1325 enim,
616 1268 696 1329 qui
718 1268 829 1314 olim
855 1268 1100 1315 Eburones
1119 1266 1340 1331 appellati
1362 1279 1472 1314 sunt
1490 1271 1517 1328 ²,
1549 1271 1674 1333 ripas

271 1342 477 1389 fluminis
497 1347 636 1389 Mosae,
659 1354 706 1390 et
742 1345 921 1389 vicinos
948 1343 1166 1406 ultroque
1194 1344 1409 1407 citroque
1434 1361 1571 1408 agros
1596 1347 1675 1391 in-

269 1418 518 1478 colebant,
549 1419 814 1483 urbemque
836 1420 1077 1466 habebant
1101 1420 1239 1467 valde
1260 1421 1490 1484 insignem
1509 1457 1521 1481 ,
1556 1425 1674 1468 Leo-

270 1495 403 1541 dium
435 1498 629 1543 nomine
648 1533 660 1555 ,
689 1497 993 1543 ecclesiarum
1027 1496 1334 1557 solemnium,
1362 1499 1674 1544 monasterio-

269 1589 400 1633 rum,
436 1591 583 1637 opum
604 1584 649 1620 et
676 1574 965 1638 populorum
986 1590 1155 1637 magna
1178 1575 1316 1638 copia
1338 1590 1392 1620 ac
1415 1576 1677 1622 numerosi-

269 1659 361 1695 tate
406 1651 653 1708 refertam,
694 1667 804 1696 cum
838 1649 1050 1714 pluribus
1081 1650 1269 1713 oppidis
1307 1651 1500 1697 munitis
1535 1661 1675 1715 atque

269 1726 387 1771 villis
416 1743 470 1772 ac
506 1727 633 1772 vicis.
673 1730 819 1773 Tanta
850 1743 963 1773 vero
1000 1726 1247 1791 temporali
1273 1743 1419 1791 pace,
1461 1727 1676 1774 libertate

269 1812 409 1865 atque
446 1802 778 1865 tranquillitate
818 1803 1115 1865 gaudebant,
1154 1803 1286 1866 quod
1324 1802 1441 1849 nulli
1474 1804 1672 1868 populi,

270 1894 369 1924 non
393 1879 540 1925 modo
568 1880 614 1924 in
643 1889 743 1925 tota
767 1879 932 1940 Gallia,
961 1879 1043 1925 sed
1069 1896 1157 1926 nec
1180 1881 1228 1926 in
1253 1889 1351 1925 tota
1373 1882 1561 1943 Europa
1577 1916 1589 1940 ,
1629 1882 1676 1928 in

270 1955 606 2017 tranquillitate
630 1964 674 2000 et
696 1954 920 2001 libertatis
937 1955 1233 2018 jucunditate
1264 1955 1436 2002 similes
1468 1955 1678 2002 scieban-

268 2042 360 2078 tur.
395 2035 512 2078 Nam
538 2048 647 2078 cum
676 2031 809 2077 nullo
842 2032 1113 2095 temporalis
1143 2033 1329 2095 imperii
1352 2032 1530 2094 fastigio
1562 2049 1678 2096 pre—

269 2118 525 2167 merentur,
556 2108 637 2154 sed
663 2109 816 2154 solum
838 2125 976 2153 suum
1001 2107 1275 2171 pontificem
1296 2125 1383 2172 pro
1409 2108 1606 2154 domino
1635 2119 1680 2155 et

270 2186 431 2249 patriae
452 2194 646 2248 parente
673 2184 920 2243 haberent,
950 2184 1079 2230 nulla
1103 2183 1277 2230 tributa
1300 2194 1382 2230 aut
1402 2185 1647 2247 vectigalia
1665 2222 1676 2244 ,

270 2279 372 2324 quae
412 2263 564 2309 solent
614 2263 795 2324 exigere
845 2272 890 2307 et
928 2262 1175 2325 imponere
1210 2262 1309 2307 aliae
1346 2262 1486 2307 etiam
1525 2262 1680 2308 liberae

269 2340 495 2399 civitates,
524 2339 871 2402 agnoscebant3
899 2338 982 2384 sed
1005 2338 1215 2403 plenaria
1238 2338 1454 2384 libertate
1478 2349 1524 2384 et
1549 2349 1682 2386 tran-

270 2414 497 2477 quillitate
530 2415 851 2478 potiebantur.
876 2415 1018 2477 Cujus
1044 2415 1279 2478 siquidem
1302 2415 1534 2462 felicitatis
1561 2426 1681 2462 tem-

270 2493 442 2556 poralis
480 2494 496 2554 (
522 2494 559 2539 si
593 2493 641 2539 id
668 2510 836 2540 eorum
862 2493 1121 2557 petulantia
1152 2503 1295 2557 atque
1324 2493 1544 2558 superbia
1582 2494 1683 2540 ani-

328 2670 365 2703 1.
397 2670 450 2704 Le
470 2666 695 2718 Limbourg.

327 2729 364 2763 2.
396 2729 457 2763 Du
479 2735 598 2778 temps
618 2726 664 2763 de
685 2726 812 2764 Cesar.
