1923 3020
728 246 870 282 LIBER
911 243 1162 281 SECUNDUS
1171 270 1178 277 .
1582 242 1595 274 1
1609 240 1658 274 25

258 353 413 398 regem
434 351 593 399 posse,
625 351 733 380 cuin
757 343 901 378 terras
922 347 1028 378 suas
1046 340 1186 392 atque
1211 328 1419 374 dominia
1441 343 1609 388 magna
1634 344 1658 371 a

257 431 304 460 se
338 414 539 459 invicem
576 422 829 467 terrarum,
858 426 961 472 quae
995 408 1088 470 regi
1121 405 1372 470 parebant,
1402 405 1660 467 intercape-

258 491 366 536 dine
396 489 627 550 sejunctas
648 487 901 542 haberent,
930 487 1121 548 insuper
1144 494 1188 529 et
1214 482 1444 545 quidquid
1468 482 1660 545 promit-

259 575 399 620 teret,
434 582 542 611 cum
574 566 632 611 ab
660 566 860 610 invicem
884 563 1081 627 separati
1106 562 1283 617 forent,
1313 561 1399 606 nisi
1431 570 1660 623 quatenus

257 642 446 700 liberet,
473 642 664 686 minime
690 640 989 704 adimpleret3
1020 656 1122 700 qua:
1142 639 1281 683 etiam
1300 637 1501 682 dedisset
1520 646 1660 698 atque

258 716 639 774 contradidisset,
680 717 810 762 facilc
844 725 1005 779 postea
1040 730 1317 777 recuperare
1355 730 1516 777 posse,
1551 729 1660 757 cum

258 797 373 843 alter
392 796 451 842 ab
475 797 621 842 altero
646 797 812 842 auxilia
837 794 1063 856 consequi
1085 810 1181 838 non
1207 794 1398 839 valeret.

322 876 430 919 Haec
467 874 680 918 feruntur
717 873 839 918 illius
873 871 1006 916 ducis
1049 869 1414 914 Mediolanensis
1457 869 1583 915 vafra
1615 878 1661 914 et

258 950 426 997 callida
470 951 691 1009 consilia,
732 968 834 1013 quse
879 948 1023 994 fidem
1059 948 1253 1010 quidem
1290 947 1390 992 dari
1429 958 1475 993 et
1515 949 1660 994 multa

258 1045 367 1074 cum
393 1029 671 1074 sacramenti
703 1027 928 1089 religione
953 1025 1177 1070 audacter
1200 1023 1435 1086 polliceri,
1462 1025 1548 1069 sed
1575 1026 1661 1070 mi-

259 1106 385 1151 nime
421 1105 684 1160 observari,
715 1114 786 1160 et,
824 1103 1032 1165 neglecta
1069 1100 1378 1164 jurisjuramli
1415 1101 1658 1163 religione,

259 1182 469 1244 dejerare
513 1181 790 1226 suadebant.
827 1179 1014 1225 Talibus
1047 1178 1187 1240 igitur
1216 1177 1426 1222 imbutus
1462 1178 1661 1223 instruc-

259 1268 426 1320 tusque
463 1257 694 1314 consiliis,
731 1274 808 1301 rex
835 1272 861 1301 a
892 1270 1050 1318 pugna
1084 1253 1377 1299 conserenda
1413 1253 1659 1312 abstinuit,

258 1335 368 1381 licet
393 1334 605 1380 militiam
630 1343 894 1396 equestrem
927 1332 1178 1395 plurimam
1208 1347 1493 1393 magnasque
1531 1331 1663 1395 pedi-

261 1423 359 1457 tum
415 1412 554 1457 etiam
597 1411 756 1473 copias
801 1409 1022 1464 haberet,
1064 1418 1158 1453 tam
1200 1408 1246 1452 in
1291 1408 1478 1454 civitate
1519 1424 1663 1471 quam

255 1490 408 1552 juxta,
436 1490 515 1552 qui
550 1489 675 1551 ripas
708 1487 913 1532 fluminis
947 1485 1286 1542 observabant,
1318 1502 1376 1531 ne
1409 1485 1663 1531 adversarii

260 1567 436 1611 flumen
464 1574 822 1611 transmearent.
852 1561 1156 1608 Particulares
1188 1571 1341 1607 tamen
1370 1563 1662 1607 incursiones

262 1644 383 1688 ultro
406 1644 618 1704 citroque
645 1658 763 1704 saepe
785 1640 984 1698 fiebant,
1006 1640 1053 1684 in
1079 1639 1253 1702 quibus
1280 1639 1353 1684 vel
1376 1639 1568 1702 jaculis,
1590 1638 1664 1684 vel

260 1719 533 1766 lancearum
558 1718 725 1763 ictibus
756 1717 972 1762 nonnulli
1004 1717 1170 1771 saucii,
1205 1715 1461 1777 aliquando
1482 1720 1492 1740 ยน
1523 1718 1665 1762 inter-

263 1797 394 1855 fecti,
422 1813 549 1841 nunc
568 1795 681 1852 hac,
710 1812 836 1840 nunc
859 1794 976 1851 illic,
1005 1793 1344 1839 reserebantur.
1372 1797 1428 1838 Et
1453 1794 1511 1838 de
1534 1805 1665 1856 parte

262 1874 309 1918 in
331 1890 426 1935 qua
450 1882 583 1918 erant
611 1881 758 1917 castra
793 1870 1180 1932 Burgundionum
1197 1906 1208 1928 ,
1238 1871 1459 1932 frequens
1486 1870 1561 1915 ille
1594 1870 1665 1914 lu-

263 1949 353 1995 dus
373 1948 612 2010 agebatur.

727 2160 1061 2204 CAPITULUM
1096 2160 1194 2202 Vll.

264 2296 455 2339 Quomodo
482 2295 654 2341 oppidum
681 2295 867 2328 pontisarae
893 2302 926 2326 et
956 2294 1037 2326 urbs
1065 2293 1322 2338 Rothomagum
1346 2293 1495 2327 factione
1522 2306 1663 2336 eorum,

311 2351 369 2395 qui
387 2364 406 2384 a
420 2363 499 2395 rege
523 2357 729 2394 acceperant
746 2360 869 2381 corum
886 2346 1096 2387 custodiam,
1116 2345 1316 2379 defecerunt
1334 2348 1377 2379 ab
1402 2359 1443 2380 eo
1469 2356 1499 2380 et
1518 2348 1663 2381 transie-

311 2413 394 2437 runt
409 2402 453 2437 ad
472 2403 645 2448 principes
667 2403 879 2447 conjuratos.

332 2521 423 2567 Sed
446 2522 559 2567 dum
585 2521 682 2566 baec
708 2521 766 2564 ita
793 2528 1089 2582 gererentur,
1123 2533 1210 2562 nec
1245 2517 1304 2563 de
1334 2517 1669 2562 reformatione

267 2600 396 2661 regni
418 2615 497 2644 rex
520 2597 696 2660 aliquid
713 2596 876 2642 andire
892 2595 1204 2658 permitteret,
1227 2594 1421 2656 contigit
1442 2602 1490 2638 ut
1512 2603 1669 2639 custos

323 2728 359 2763 1.
392 2725 518 2762 Plutot
535 2728 656 2774 aliqui
676 2739 768 2763 vero.
