<?xml version="1.0" encoding="UTF-8"?>
<!DOCTYPE html PUBLIC "-//W3C//DTD XHTML 1.0 Transitional//EN"
    "http://www.w3.org/TR/xhtml1/DTD/xhtml1-transitional.dtd">
<html xmlns="http://www.w3.org/1999/xhtml" xml:lang="en" lang="en">
 <head>
  <title>
</title>
<meta http-equiv="Content-Type" content="text/html;charset=utf-8" />
  <meta name='ocr-system' content='tesseract 3.04.00' />
  <meta name='ocr-capabilities' content='ocr_page ocr_carea ocr_par ocr_line ocrx_word'/>
</head>
<body>
  <div class='ocr_page' id='page_1' title='image "./histoiredesrgn02basi_0312.png"; bbox 0 0 1923 3020; ppageno 0'>
   <div class='ocr_carea' id='block_1_1' title="bbox 252 230 1288 270">
    <p class='ocr_par' dir='ltr' id='par_1_1' title="bbox 252 230 1288 270">
     <span class='ocr_line' id='line_1_1' title="bbox 252 230 1288 270; baseline -0.006 0"><span class='ocrx_word' id='word_1_1' title='bbox 252 235 272 269; x_wconf 74' lang='lat'><strong>2</strong></span> <span class='ocrx_word' id='word_1_2' title='bbox 280 236 325 270; x_wconf 74' lang='lat'>302</span> <span class='ocrx_word' id='word_1_3' title='bbox 609 230 944 268; x_wconf 86' lang='lat' dir='ltr'>HISTORIARUM</span> <span class='ocrx_word' id='word_1_4' title='bbox 973 230 1206 265; x_wconf 90' lang='lat' dir='ltr'>LUDOVICI</span> <span class='ocrx_word' id='word_1_5' title='bbox 1234 231 1288 264; x_wconf 89' lang='lat' dir='ltr'>XI</span> 
     </span>
    </p>
   </div>
   <div class='ocr_carea' id='block_1_2' title="bbox 251 314 1672 2148">
    <p class='ocr_par' dir='ltr' id='par_1_2' title="bbox 251 314 1664 1377">
     <span class='ocr_line' id='line_1_2' title="bbox 251 314 1655 378; baseline -0.005 -9"><span class='ocrx_word' id='word_1_6' title='bbox 251 321 421 369; x_wconf 84' lang='lat' dir='ltr'>auxilia</span> <span class='ocrx_word' id='word_1_7' title='bbox 460 317 664 375; x_wconf 77' lang='lat' dir='ltr'>miserit,</span> <span class='ocrx_word' id='word_1_8' title='bbox 700 315 857 377; x_wconf 84' lang='lat' dir='ltr'>qualia</span> <span class='ocrx_word' id='word_1_9' title='bbox 895 324 1007 360; x_wconf 85' lang='lat' dir='ltr'>tunc</span> <span class='ocrx_word' id='word_1_10' title='bbox 1048 325 1257 378; x_wconf 88' lang='lat' dir='ltr'>poterat,</span> <span class='ocrx_word' id='word_1_11' title='bbox 1301 314 1494 377; x_wconf 84' lang='lat' dir='ltr'>quando</span> <span class='ocrx_word' id='word_1_12' title='bbox 1536 316 1655 362; x_wconf 86' lang='lat' dir='ltr'>inter</span> 
     </span>
     <span class='ocr_line' id='line_1_3' title="bbox 253 391 1657 456; baseline -0.004 -12"><span class='ocrx_word' id='word_1_13' title='bbox 253 397 439 444; x_wconf 72' lang='lat' dir='ltr'>Hem-ici</span> <span class='ocrx_word' id='word_1_14' title='bbox 478 394 597 456; x_wconf 83' lang='lat' dir='ltr'>regis</span> <span class='ocrx_word' id='word_1_15' title='bbox 629 402 673 438; x_wconf 89' lang='lat' dir='ltr'>et</span> <span class='ocrx_word' id='word_1_16' title='bbox 716 391 921 437; x_wconf 87' lang='lat' dir='ltr'>Edoardi</span> <span class='ocrx_word' id='word_1_17' title='bbox 958 402 1136 455; x_wconf 83' lang='lat' dir='ltr'>partes,</span> <span class='ocrx_word' id='word_1_18' title='bbox 1177 393 1299 438; x_wconf 86' lang='lat' dir='ltr'>circa</span> <span class='ocrx_word' id='word_1_19' title='bbox 1339 391 1657 438; x_wconf 86' lang='lat' dir='ltr'>Eboracenses</span> 
     </span>
     <span class='ocr_line' id='line_1_4' title="bbox 252 469 1656 532; baseline -0.005 -12"><span class='ocrx_word' id='word_1_20' title='bbox 252 474 504 530; x_wconf 79' lang='lat' dir='ltr'>terminOS,</span> <span class='ocrx_word' id='word_1_21' title='bbox 543 471 769 517; x_wconf 82' lang='lat' dir='ltr'>acerrime</span> <span class='ocrx_word' id='word_1_22' title='bbox 807 469 1084 514; x_wconf 76' lang='lat' dir='ltr'>dimicatum</span> <span class='ocrx_word' id='word_1_23' title='bbox 1118 479 1186 514; x_wconf 86' lang='lat' dir='ltr'>est</span> <span class='ocrx_word' id='word_1_24' title='bbox 1225 488 1233 514; x_wconf 83' lang='lat' dir='ltr'>z</span> <span class='ocrx_word' id='word_1_25' title='bbox 1273 469 1319 514; x_wconf 88' lang='lat' dir='ltr'>in</span> <span class='ocrx_word' id='word_1_26' title='bbox 1358 486 1455 531; x_wconf 88' lang='lat' dir='ltr'>quo</span> <span class='ocrx_word' id='word_1_27' title='bbox 1498 469 1656 532; x_wconf 80' lang='lat' dir='ltr'>praelio</span> 
     </span>
     <span class='ocr_line' id='line_1_5' title="bbox 253 545 1656 612; baseline -0.004 -15"><span class='ocrx_word' id='word_1_28' title='bbox 253 551 384 598; x_wconf 86' lang='lat' dir='ltr'>victis</span> <span class='ocrx_word' id='word_1_29' title='bbox 401 586 412 608; x_wconf 96' lang='lat'>,</span> <span class='ocrx_word' id='word_1_30' title='bbox 441 549 520 611; x_wconf 90' lang='lat' dir='ltr'>qui</span> <span class='ocrx_word' id='word_1_31' title='bbox 546 565 634 612; x_wconf 88' lang='lat' dir='ltr'>pro</span> <span class='ocrx_word' id='word_1_32' title='bbox 658 545 869 610; x_wconf 87' lang='lat' dir='ltr'>partibus</span> <span class='ocrx_word' id='word_1_33' title='bbox 893 546 1081 590; x_wconf 82' lang='lat' dir='ltr'>Henrici</span> <span class='ocrx_word' id='word_1_34' title='bbox 1108 545 1424 601; x_wconf 79' lang='lat' dir='ltr'>dimicabant,</span> <span class='ocrx_word' id='word_1_35' title='bbox 1455 562 1506 591; x_wconf 85' lang='lat' dir='ltr'>ea</span> <span class='ocrx_word' id='word_1_36' title='bbox 1536 545 1656 591; x_wconf 85' lang='lat' dir='ltr'>cala-</span> 
     </span>
     <span class='ocr_line' id='line_1_6' title="bbox 253 621 1659 687; baseline -0.004 -14"><span class='ocrx_word' id='word_1_37' title='bbox 253 629 388 674; x_wconf 88' lang='lat' dir='ltr'>mitas</span> <span class='ocrx_word' id='word_1_38' title='bbox 423 642 569 687; x_wconf 82' lang='lat' dir='ltr'>regno</span> <span class='ocrx_word' id='word_1_39' title='bbox 606 641 715 670; x_wconf 87' lang='lat' dir='ltr'>eum</span> <span class='ocrx_word' id='word_1_40' title='bbox 748 621 972 668; x_wconf 80' lang='lat' dir='ltr'>excedere</span> <span class='ocrx_word' id='word_1_41' title='bbox 1013 632 1057 668; x_wconf 88' lang='lat' dir='ltr'>et</span> <span class='ocrx_word' id='word_1_42' title='bbox 1091 623 1136 667; x_wconf 90' lang='lat' dir='ltr'>in</span> <span class='ocrx_word' id='word_1_43' title='bbox 1174 624 1376 668; x_wconf 87' lang='lat' dir='ltr'>Scotiam</span> <span class='ocrx_word' id='word_1_44' title='bbox 1411 622 1659 686; x_wconf 76' lang='lat' dir='ltr'>profugere</span> 
     </span>
     <span class='ocr_line' id='line_1_7' title="bbox 252 698 1660 765; baseline -0.004 -15"><span class='ocrx_word' id='word_1_45' title='bbox 252 703 419 765; x_wconf 83' lang='lat' dir='ltr'>coegit.</span> <span class='ocrx_word' id='word_1_46' title='bbox 461 705 571 746; x_wconf 86' lang='lat' dir='ltr'>Erat</span> <span class='ocrx_word' id='word_1_47' title='bbox 606 701 732 746; x_wconf 89' lang='lat' dir='ltr'>enim</span> <span class='ocrx_word' id='word_1_48' title='bbox 762 700 808 744; x_wconf 89' lang='grc'>111</span> <span class='ocrx_word' id='word_1_49' title='bbox 838 715 894 744; x_wconf 84' lang='grc'>00</span> <span class='ocrx_word' id='word_1_50' title='bbox 919 698 1079 762; x_wconf 77' lang='lat' dir='ltr'>praelio</span> <span class='ocrx_word' id='word_1_51' title='bbox 1104 699 1300 762; x_wconf 87' lang='lat' dir='ltr'>quidam</span> <span class='ocrx_word' id='word_1_52' title='bbox 1324 701 1519 745; x_wconf 77' lang='lat' dir='ltr'>servitor</span> <span class='ocrx_word' id='word_1_53' title='bbox 1542 699 1660 761; x_wconf 82' lang='lat' dir='ltr'>regis</span> 
     </span>
     <span class='ocr_line' id='line_1_8' title="bbox 252 775 1660 837; baseline -0.004 -11"><span class='ocrx_word' id='word_1_54' title='bbox 252 785 567 837; x_wconf 77' lang='lat' dir='ltr'>Francorum,</span> <span class='ocrx_word' id='word_1_55' title='bbox 595 787 708 822; x_wconf 87' lang='lat' dir='ltr'>tunc</span> <span class='ocrx_word' id='word_1_56' title='bbox 746 775 900 821; x_wconf 86' lang='lat' dir='ltr'>adhuc</span> <span class='ocrx_word' id='word_1_57' title='bbox 934 776 1134 833; x_wconf 85' lang='lat' dir='ltr'>Delfmi,</span> <span class='ocrx_word' id='word_1_58' title='bbox 1165 775 1317 821; x_wconf 87' lang='lat' dir='ltr'>dictus</span> <span class='ocrx_word' id='word_1_59' title='bbox 1353 776 1575 821; x_wconf 87' lang='lat' dir='ltr'>dominus</span> <span class='ocrx_word' id='word_1_60' title='bbox 1602 775 1660 821; x_wconf 91' lang='lat' dir='ltr'>de</span> 
     </span>
     <span class='ocr_line' id='line_1_9' title="bbox 256 852 1662 918; baseline -0.003 -17"><span class='ocrx_word' id='word_1_61' title='bbox 256 855 505 915; x_wconf 76' lang='lat' dir='ltr'>Lalmrde¹,</span> <span class='ocrx_word' id='word_1_62' title='bbox 533 855 612 918; x_wconf 89' lang='lat' dir='ltr'>qui</span> <span class='ocrx_word' id='word_1_63' title='bbox 629 853 849 899; x_wconf 81' lang='lat' dir='ltr'>vexillum</span> <span class='ocrx_word' id='word_1_64' title='bbox 869 861 913 898; x_wconf 83' lang='lat' dir='ltr'>et</span> <span class='ocrx_word' id='word_1_65' title='bbox 933 853 1063 915; x_wconf 85' lang='lat' dir='ltr'>signa</span> <span class='ocrx_word' id='word_1_66' title='bbox 1083 853 1181 914; x_wconf 81' lang='lat' dir='ltr'>ejus</span> <span class='ocrx_word' id='word_1_67' title='bbox 1200 853 1416 897; x_wconf 82' lang='lat' dir='ltr'>militaria</span> <span class='ocrx_word' id='word_1_68' title='bbox 1440 852 1594 916; x_wconf 88' lang='lat' dir='ltr'>palam</span> <span class='ocrx_word' id='word_1_69' title='bbox 1617 861 1662 897; x_wconf 88' lang='lat' dir='ltr'>et</span> 
     </span>
     <span class='ocr_line' id='line_1_10' title="bbox 255 928 1661 993; baseline -0.005 -13"><span class='ocrx_word' id='word_1_70' title='bbox 255 933 522 990; x_wconf 85' lang='lat' dir='ltr'>manifeste,</span> <span class='ocrx_word' id='word_1_71' title='bbox 557 931 656 993; x_wconf 88' lang='lat' dir='ltr'>ejus</span> <span class='ocrx_word' id='word_1_72' title='bbox 687 929 909 989; x_wconf 87' lang='lat' dir='ltr'>nomine,</span> <span class='ocrx_word' id='word_1_73' title='bbox 936 929 1241 992; x_wconf 83' lang='lat' dir='ltr'>praeferel)at‚</span> <span class='ocrx_word' id='word_1_74' title='bbox 1272 938 1317 973; x_wconf 84' lang='lat' dir='ltr'>et</span> <span class='ocrx_word' id='word_1_75' title='bbox 1337 929 1396 974; x_wconf 86' lang='grc'>31)</span> <span class='ocrx_word' id='word_1_76' title='bbox 1427 945 1483 974; x_wconf 87' lang='grc'>00</span> <span class='ocrx_word' id='word_1_77' title='bbox 1517 928 1579 974; x_wconf 83' lang='grc'>01)</span> <span class='ocrx_word' id='word_1_78' title='bbox 1614 928 1661 973; x_wconf 92' lang='lat' dir='ltr'>id</span> 
     </span>
     <span class='ocr_line' id='line_1_11' title="bbox 253 1005 1664 1075; baseline -0.004 -18"><span class='ocrx_word' id='word_1_79' title='bbox 253 1013 410 1075; x_wconf 84' lang='lat' dir='ltr'>ipsum</span> <span class='ocrx_word' id='word_1_80' title='bbox 446 1009 615 1055; x_wconf 86' lang='lat' dir='ltr'>missus</span> <span class='ocrx_word' id='word_1_81' title='bbox 646 1007 998 1068; x_wconf 84' lang='lat' dir='ltr'>destinatusque</span> <span class='ocrx_word' id='word_1_82' title='bbox 1022 1008 1068 1052; x_wconf 90' lang='lat' dir='ltr'>in</span> <span class='ocrx_word' id='word_1_83' title='bbox 1097 1006 1309 1067; x_wconf 81' lang='lat' dir='ltr'>Angliam</span> <span class='ocrx_word' id='word_1_84' title='bbox 1333 1005 1525 1051; x_wconf 76' lang='lat' dir='ltr'>fuerat².</span> <span class='ocrx_word' id='word_1_85' title='bbox 1554 1009 1664 1051; x_wconf 83' lang='lat' dir='ltr'>Post</span> 
     </span>
     <span class='ocr_line' id='line_1_12' title="bbox 254 1081 1661 1151; baseline -0.005 -18"><span class='ocrx_word' id='word_1_86' title='bbox 254 1088 397 1151; x_wconf 85' lang='lat' dir='ltr'>patris</span> <span class='ocrx_word' id='word_1_87' title='bbox 420 1102 533 1132; x_wconf 86' lang='lat' dir='ltr'>vero</span> <span class='ocrx_word' id='word_1_88' title='bbox 561 1085 630 1129; x_wconf 90' lang='lat' dir='ltr'>sui</span> <span class='ocrx_word' id='word_1_89' title='bbox 663 1083 847 1128; x_wconf 87' lang='lat' dir='ltr'>obitum</span> <span class='ocrx_word' id='word_1_90' title='bbox 867 1120 878 1142; x_wconf 93' lang='lat'>,</span> <span class='ocrx_word' id='word_1_91' title='bbox 908 1092 953 1128; x_wconf 90' lang='lat' dir='ltr'>et</span> <span class='ocrx_word' id='word_1_92' title='bbox 976 1092 1229 1145; x_wconf 77' lang='lat' dir='ltr'>postquam</span> <span class='ocrx_word' id='word_1_93' title='bbox 1259 1082 1304 1126; x_wconf 86' lang='lat' dir='ltr'>in</span> <span class='ocrx_word' id='word_1_94' title='bbox 1337 1098 1494 1143; x_wconf 82' lang='lat' dir='ltr'>regem</span> <span class='ocrx_word' id='word_1_95' title='bbox 1517 1081 1661 1127; x_wconf 87' lang='lat' dir='ltr'>subli-</span> 
     </span>
     <span class='ocr_line' id='line_1_13' title="bbox 256 1157 1664 1223; baseline -0.005 -13"><span class='ocrx_word' id='word_1_96' title='bbox 256 1174 410 1210; x_wconf 88' lang='lat' dir='ltr'>matus</span> <span class='ocrx_word' id='word_1_97' title='bbox 445 1163 549 1217; x_wconf 88' lang='lat' dir='ltr'>fuit,</span> <span class='ocrx_word' id='word_1_98' title='bbox 579 1160 739 1223; x_wconf 85' lang='lat' dir='ltr'>quales</span> <span class='ocrx_word' id='word_1_99' title='bbox 762 1159 940 1205; x_wconf 82' lang='lat' dir='ltr'>eisdem</span> <span class='ocrx_word' id='word_1_100' title='bbox 965 1159 1177 1219; x_wconf 79' lang='lat' dir='ltr'>cognatis</span> <span class='ocrx_word' id='word_1_101' title='bbox 1204 1157 1297 1203; x_wconf 80' lang='lat' dir='ltr'>suis</span> <span class='ocrx_word' id='word_1_102' title='bbox 1321 1157 1503 1203; x_wconf 83' lang='lat' dir='ltr'>favores</span> <span class='ocrx_word' id='word_1_103' title='bbox 1527 1168 1664 1220; x_wconf 85' lang='lat' dir='ltr'>atque</span> 
     </span>
     <span class='ocr_line' id='line_1_14' title="bbox 255 1234 1663 1302; baseline -0.005 -15"><span class='ocrx_word' id='word_1_104' title='bbox 255 1241 426 1287; x_wconf 81' lang='lat' dir='ltr'>auxilia</span> <span class='ocrx_word' id='word_1_105' title='bbox 463 1237 754 1302; x_wconf 63' lang='lat' dir='ltr'>praestiterit,</span> <span class='ocrx_word' id='word_1_106' title='bbox 782 1236 889 1280; x_wconf 88' lang='lat' dir='ltr'>satis</span> <span class='ocrx_word' id='word_1_107' title='bbox 918 1252 973 1280; x_wconf 78' lang='lat' dir='ltr'>ex</span> <span class='ocrx_word' id='word_1_108' title='bbox 1003 1236 1168 1298; x_wconf 88' lang='lat' dir='ltr'>pactis,</span> <span class='ocrx_word' id='word_1_109' title='bbox 1196 1252 1298 1297; x_wconf 65' lang='lat' dir='ltr'>quie</span> <span class='ocrx_word' id='word_1_110' title='bbox 1324 1234 1383 1280; x_wconf 92' lang='lat' dir='ltr'>de</span> <span class='ocrx_word' id='word_1_111' title='bbox 1406 1234 1499 1279; x_wconf 87' lang='grc'>1100</span> <span class='ocrx_word' id='word_1_112' title='bbox 1525 1250 1663 1297; x_wconf 85' lang='lat' dir='ltr'>supra</span> 
     </span>
     <span class='ocr_line' id='line_1_15' title="bbox 257 1315 962 1377; baseline -0.011 -14"><span class='ocrx_word' id='word_1_113' title='bbox 257 1317 559 1372; x_wconf 68' lang='lat' dir='ltr'>retexuimus,</span> <span class='ocrx_word' id='word_1_114' title='bbox 586 1315 767 1377; x_wconf 84' lang='lat' dir='ltr'>liquere</span> <span class='ocrx_word' id='word_1_115' title='bbox 790 1321 962 1375; x_wconf 89' lang='lat' dir='ltr'>potest.</span> 
     </span>
    </p>

    <p class='ocr_par' dir='ltr' id='par_1_3' title="bbox 257 1387 1672 2148">
     <span class='ocr_line' id='line_1_16' title="bbox 323 1387 1665 1454; baseline -0.004 -16"><span class='ocrx_word' id='word_1_116' title='bbox 323 1393 413 1438; x_wconf 76' lang='lat' dir='ltr'>Sed</span> <span class='ocrx_word' id='word_1_117' title='bbox 439 1403 483 1438; x_wconf 90' lang='lat' dir='ltr'>et</span> <span class='ocrx_word' id='word_1_118' title='bbox 504 1408 600 1437; x_wconf 89' lang='lat' dir='ltr'>non</span> <span class='ocrx_word' id='word_1_119' title='bbox 621 1405 765 1454; x_wconf 88' lang='lat' dir='ltr'>parva</span> <span class='ocrx_word' id='word_1_120' title='bbox 788 1388 985 1451; x_wconf 84' lang='lat' dir='ltr'>dignum</span> <span class='ocrx_word' id='word_1_121' title='bbox 1003 1387 1317 1433; x_wconf 85' lang='lat' dir='ltr'>admiratione</span> <span class='ocrx_word' id='word_1_122' title='bbox 1340 1387 1513 1432; x_wconf 82' lang='lat' dir='ltr'>exsistit</span> <span class='ocrx_word' id='word_1_123' title='bbox 1536 1387 1665 1450; x_wconf 89' lang='lat' dir='ltr'>quod</span> 
     </span>
     <span class='ocr_line' id='line_1_17' title="bbox 257 1464 1664 1530; baseline -0.006 -13"><span class='ocrx_word' id='word_1_124' title='bbox 257 1487 446 1517; x_wconf 86' lang='lat' dir='ltr'>causam</span> <span class='ocrx_word' id='word_1_125' title='bbox 471 1469 610 1530; x_wconf 84' lang='lat' dir='ltr'>hujus</span> <span class='ocrx_word' id='word_1_126' title='bbox 632 1466 817 1512; x_wconf 81' lang='lat' dir='ltr'>foederis</span> <span class='ocrx_word' id='word_1_127' title='bbox 838 1482 946 1511; x_wconf 87' lang='lat' dir='ltr'>cum</span> <span class='ocrx_word' id='word_1_128' title='bbox 967 1466 1178 1528; x_wconf 85' lang='lat' dir='ltr'>principe</span> <span class='ocrx_word' id='word_1_129' title='bbox 1196 1464 1377 1509; x_wconf 79' lang='lat' dir='ltr'>Walliae</span> <span class='ocrx_word' id='word_1_130' title='bbox 1401 1465 1664 1527; x_wconf 67' lang='lat' dir='ltr'>praetendit,</span> 
     </span>
     <span class='ocr_line' id='line_1_18' title="bbox 258 1541 1668 1611; baseline -0.006 -18"><span class='ocrx_word' id='word_1_131' title='bbox 258 1548 390 1611; x_wconf 85' lang='lat' dir='ltr'>quasi</span> <span class='ocrx_word' id='word_1_132' title='bbox 413 1546 472 1592; x_wconf 91' lang='lat' dir='ltr'>ad</span> <span class='ocrx_word' id='word_1_133' title='bbox 494 1546 638 1609; x_wconf 85' lang='lat' dir='ltr'>ipsius</span> <span class='ocrx_word' id='word_1_134' title='bbox 659 1543 862 1589; x_wconf 85' lang='lat' dir='ltr'>validam</span> <span class='ocrx_word' id='word_1_135' title='bbox 887 1542 1086 1588; x_wconf 84' lang='lat' dir='ltr'>sufficiat</span> <span class='ocrx_word' id='word_1_136' title='bbox 1104 1541 1510 1603; x_wconf 78' lang='lat' dir='ltr'>justificationem,</span> <span class='ocrx_word' id='word_1_137' title='bbox 1538 1541 1668 1603; x_wconf 89' lang='lat' dir='ltr'>quod</span> 
     </span>
     <span class='ocr_line' id='line_1_19' title="bbox 259 1618 1671 1685; baseline -0.004 -15"><span class='ocrx_word' id='word_1_138' title='bbox 259 1625 350 1670; x_wconf 82' lang='lat' dir='ltr'>dux</span> <span class='ocrx_word' id='word_1_139' title='bbox 380 1623 658 1685; x_wconf 79' lang='lat' dir='ltr'>Burgundiae</span> <span class='ocrx_word' id='word_1_140' title='bbox 677 1622 773 1683; x_wconf 87' lang='lat' dir='ltr'>jam</span> <span class='ocrx_word' id='word_1_141' title='bbox 794 1620 872 1666; x_wconf 93' lang='lat' dir='ltr'>diu</span> <span class='ocrx_word' id='word_1_142' title='bbox 902 1620 1075 1665; x_wconf 82' lang='lat' dir='ltr'>foedera</span> <span class='ocrx_word' id='word_1_143' title='bbox 1095 1629 1139 1665; x_wconf 88' lang='lat' dir='ltr'>et</span> <span class='ocrx_word' id='word_1_144' title='bbox 1159 1619 1385 1665; x_wconf 85' lang='lat' dir='ltr'>amicitias</span> <span class='ocrx_word' id='word_1_145' title='bbox 1405 1618 1671 1682; x_wconf 86' lang='lat' dir='ltr'>copulasset</span> 
     </span>
     <span class='ocr_line' id='line_1_20' title="bbox 259 1698 1670 1761; baseline -0.005 -12"><span class='ocrx_word' id='word_1_146' title='bbox 259 1720 367 1749; x_wconf 87' lang='lat' dir='ltr'>cum</span> <span class='ocrx_word' id='word_1_147' title='bbox 394 1701 615 1747; x_wconf 86' lang='lat' dir='ltr'>Edoardo</span> <span class='ocrx_word' id='word_1_148' title='bbox 639 1700 693 1745; x_wconf 77' lang='lat' dir='ltr'>de</span> <span class='ocrx_word' id='word_1_149' title='bbox 719 1700 763 1744; x_wconf 75' lang='lat' dir='ltr'>la</span> <span class='ocrx_word' id='word_1_150' title='bbox 788 1699 995 1743; x_wconf 64' lang='lat' dir='ltr'>Marc-lle.</span> <span class='ocrx_word' id='word_1_151' title='bbox 1026 1699 1073 1744; x_wconf 88' lang='lat' dir='ltr'>Si</span> <span class='ocrx_word' id='word_1_152' title='bbox 1097 1700 1223 1744; x_wconf 90' lang='lat' dir='ltr'>enim</span> <span class='ocrx_word' id='word_1_153' title='bbox 1251 1698 1510 1761; x_wconf 81' lang='lat' dir='ltr'>quidquam</span> <span class='ocrx_word' id='word_1_154' title='bbox 1540 1714 1670 1743; x_wconf 87' lang='lat' dir='ltr'>men-</span> 
     </span>
     <span class='ocr_line' id='line_1_21' title="bbox 262 1773 1667 1839; baseline -0.006 -13"><span class='ocrx_word' id='word_1_155' title='bbox 262 1781 317 1825; x_wconf 88' lang='lat' dir='ltr'>tis</span> <span class='ocrx_word' id='word_1_156' title='bbox 338 1780 553 1838; x_wconf 87' lang='lat' dir='ltr'>haberet,</span> <span class='ocrx_word' id='word_1_157' title='bbox 575 1777 842 1823; x_wconf 87' lang='lat' dir='ltr'>meminisse</span> <span class='ocrx_word' id='word_1_158' title='bbox 866 1792 953 1821; x_wconf 87' lang='lat' dir='ltr'>nec</span> <span class='ocrx_word' id='word_1_159' title='bbox 974 1776 1191 1838; x_wconf 85' lang='lat' dir='ltr'>ignorare</span> <span class='ocrx_word' id='word_1_160' title='bbox 1209 1785 1395 1839; x_wconf 84' lang='lat' dir='ltr'>poterat</span> <span class='ocrx_word' id='word_1_161' title='bbox 1412 1775 1458 1820; x_wconf 90' lang='lat' dir='ltr'>in</span> <span class='ocrx_word' id='word_1_162' title='bbox 1478 1773 1667 1831; x_wconf 83' lang='lat' dir='ltr'>foedere,</span> 
     </span>
     <span class='ocr_line' id='line_1_22' title="bbox 261 1852 1671 1919; baseline -0.006 -17"><span class='ocrx_word' id='word_1_163' title='bbox 261 1856 391 1919; x_wconf 87' lang='lat' dir='ltr'>quod</span> <span class='ocrx_word' id='word_1_164' title='bbox 427 1873 537 1902; x_wconf 88' lang='lat' dir='ltr'>cum</span> <span class='ocrx_word' id='word_1_165' title='bbox 574 1871 631 1901; x_wconf 89' lang='lat' dir='ltr'>eo</span> <span class='ocrx_word' id='word_1_166' title='bbox 666 1865 762 1899; x_wconf 86' lang='lat' dir='ltr'>tam</span> <span class='ocrx_word' id='word_1_167' title='bbox 801 1852 1074 1898; x_wconf 84' lang='lat' dir='ltr'>solemniter</span> <span class='ocrx_word' id='word_1_168' title='bbox 1117 1853 1245 1916; x_wconf 86' lang='lat' dir='ltr'>apud</span> <span class='ocrx_word' id='word_1_169' title='bbox 1286 1856 1518 1898; x_wconf 77' lang='lat' dir='ltr'>peronam</span> <span class='ocrx_word' id='word_1_170' title='bbox 1562 1867 1671 1896; x_wconf 82' lang='lat' dir='ltr'>con-</span> 
     </span>
     <span class='ocr_line' id='line_1_23' title="bbox 264 1928 1671 1994; baseline -0.005 -16"><span class='ocrx_word' id='word_1_171' title='bbox 264 1942 490 1989; x_wconf 81' lang='lat' dir='ltr'>traxerat,</span> <span class='ocrx_word' id='word_1_172' title='bbox 526 1947 741 1994; x_wconf 78' lang='lat' dir='ltr'>expresse</span> <span class='ocrx_word' id='word_1_173' title='bbox 783 1930 880 1975; x_wconf 88' lang='lat' dir='ltr'>fore</span> <span class='ocrx_word' id='word_1_174' title='bbox 920 1929 1322 1993; x_wconf 85' lang='lat' dir='ltr'>comprehensum</span> <span class='ocrx_word' id='word_1_175' title='bbox 1355 1929 1485 1992; x_wconf 89' lang='lat' dir='ltr'>quod</span> <span class='ocrx_word' id='word_1_176' title='bbox 1515 1928 1671 1973; x_wconf 87' lang='lat' dir='ltr'>liceret</span> 
     </span>
     <span class='ocr_line' id='line_1_24' title="bbox 264 2004 1672 2070; baseline -0.004 -15"><span class='ocrx_word' id='word_1_177' title='bbox 264 2010 371 2055; x_wconf 86' lang='lat' dir='ltr'>duci</span> <span class='ocrx_word' id='word_1_178' title='bbox 413 2007 690 2070; x_wconf 78' lang='lat' dir='ltr'>ssurgundiae</span> <span class='ocrx_word' id='word_1_179' title='bbox 725 2006 904 2065; x_wconf 84' lang='lat' dir='ltr'>foedus,</span> <span class='ocrx_word' id='word_1_180' title='bbox 940 2006 1072 2069; x_wconf 89' lang='lat' dir='ltr'>quod</span> <span class='ocrx_word' id='word_1_181' title='bbox 1109 2023 1217 2052; x_wconf 89' lang='lat' dir='ltr'>cum</span> <span class='ocrx_word' id='word_1_182' title='bbox 1247 2008 1350 2068; x_wconf 87' lang='lat' dir='ltr'>ipso</span> <span class='ocrx_word' id='word_1_183' title='bbox 1382 2004 1601 2051; x_wconf 85' lang='lat' dir='ltr'>Edoardo</span> <span class='ocrx_word' id='word_1_184' title='bbox 1627 2013 1672 2048; x_wconf 89' lang='lat' dir='ltr'>et</span> 
     </span>
     <span class='ocr_line' id='line_1_25' title="bbox 264 2081 1668 2148; baseline -0.005 -16"><span class='ocrx_word' id='word_1_185' title='bbox 264 2103 410 2147; x_wconf 79' lang='lat' dir='ltr'>regno</span> <span class='ocrx_word' id='word_1_186' title='bbox 452 2086 624 2147; x_wconf 82' lang='lat' dir='ltr'>Angliae</span> <span class='ocrx_word' id='word_1_187' title='bbox 671 2092 945 2148; x_wconf 85' lang='lat' dir='ltr'>pepegerat,</span> <span class='ocrx_word' id='word_1_188' title='bbox 990 2082 1329 2128; x_wconf 55' lang='lat' dir='ltr'>observarem</span> <span class='ocrx_word' id='word_1_189' title='bbox 1372 2081 1668 2144; x_wconf 33' lang='lat' dir='ltr'>adimplere&amp;</span> 
     </span>
    </p>
   </div>
   <div class='ocr_carea' id='block_1_3' title="bbox 267 2236 1677 2760">
    <p class='ocr_par' dir='ltr' id='par_1_4' title="bbox 321 2236 1249 2289">
     <span class='ocr_line' id='line_1_26' title="bbox 321 2236 1249 2289; baseline 0 -15"><span class='ocrx_word' id='word_1_190' title='bbox 321 2242 355 2274; x_wconf 84' lang='lat'>1.</span> <span class='ocrx_word' id='word_1_191' title='bbox 388 2241 549 2287; x_wconf 83' lang='lat' dir='ltr'>Jacques</span> <span class='ocrx_word' id='word_1_192' title='bbox 574 2238 763 2285; x_wconf 81' lang='lat' dir='ltr'>d’Estuer,</span> <span class='ocrx_word' id='word_1_193' title='bbox 791 2238 969 2289; x_wconf 82' lang='lat' dir='ltr'>seigneur</span> <span class='ocrx_word' id='word_1_194' title='bbox 990 2236 1036 2273; x_wconf 87' lang='lat' dir='ltr'>de</span> <span class='ocrx_word' id='word_1_195' title='bbox 1057 2236 1093 2274; x_wconf 89' lang='lat' dir='ltr'>la</span> <span class='ocrx_word' id='word_1_196' title='bbox 1112 2236 1249 2274; x_wconf 86' lang='lat' dir='ltr'>Barde.</span> 
     </span>
    </p>

    <p class='ocr_par' dir='ltr' id='par_1_5' title="bbox 267 2294 1674 2405">
     <span class='ocr_line' id='line_1_27' title="bbox 320 2294 1674 2346; baseline -0.002 -12"><span class='ocrx_word' id='word_1_197' title='bbox 320 2300 357 2336; x_wconf 73' lang='lat'>2.</span> <span class='ocrx_word' id='word_1_198' title='bbox 389 2300 439 2335; x_wconf 84' lang='lat' dir='ltr'>Ce</span> <span class='ocrx_word' id='word_1_199' title='bbox 466 2297 529 2334; x_wconf 79' lang='lat' dir='ltr'>fait</span> <span class='ocrx_word' id='word_1_200' title='bbox 558 2311 578 2333; x_wconf 91' lang='grc'>3</span> <span class='ocrx_word' id='word_1_201' title='bbox 605 2298 662 2333; x_wconf 78' lang='lat' dir='ltr'>cte</span> <span class='ocrx_word' id='word_1_202' title='bbox 689 2297 772 2344; x_wconf 72' lang='lat' dir='ltr'>deja</span> <span class='ocrx_word' id='word_1_203' title='bbox 802 2297 982 2346; x_wconf 75' lang='lat' dir='ltr'>rapporte</span> <span class='ocrx_word' id='word_1_204' title='bbox 1010 2310 1079 2346; x_wconf 85' lang='lat' dir='ltr'>par</span> <span class='ocrx_word' id='word_1_205' title='bbox 1107 2296 1270 2332; x_wconf 82' lang='lat' dir='ltr'>l’auteur</span> <span class='ocrx_word' id='word_1_206' title='bbox 1298 2295 1391 2332; x_wconf 88' lang='lat' dir='ltr'>dans</span> <span class='ocrx_word' id='word_1_207' title='bbox 1412 2294 1604 2331; x_wconf 85' lang='lat' dir='ltr'>l⁷Histoire</span> <span class='ocrx_word' id='word_1_208' title='bbox 1627 2294 1674 2331; x_wconf 87' lang='lat' dir='ltr'>de</span> 
     </span>
     <span class='ocr_line' id='line_1_28' title="bbox 267 2355 1249 2405; baseline -0.003 -11"><span class='ocrx_word' id='word_1_209' title='bbox 267 2357 420 2395; x_wconf 80' lang='lat' dir='ltr'>Charlcs</span> <span class='ocrx_word' id='word_1_210' title='bbox 439 2358 526 2401; x_wconf 88' lang='lat' dir='ltr'>VII,</span> <span class='ocrx_word' id='word_1_211' title='bbox 550 2355 575 2390; x_wconf 90' lang='grc'>1.</span> <span class='ocrx_word' id='word_1_212' title='bbox 597 2358 641 2400; x_wconf 84' lang='lat' dir='ltr'>V,</span> <span class='ocrx_word' id='word_1_213' title='bbox 663 2370 695 2392; x_wconf 84' lang='grc'>0.</span> <span class='ocrx_word' id='word_1_214' title='bbox 721 2370 814 2391; x_wconf 80' lang='lat' dir='ltr'>xvn.</span> <span class='ocrx_word' id='word_1_215' title='bbox 838 2358 964 2404; x_wconf 77' lang='lat' dir='ltr'>Voyez</span> <span class='ocrx_word' id='word_1_216' title='bbox 983 2363 1008 2390; x_wconf 89' lang='lat' dir='ltr'>t.</span> <span class='ocrx_word' id='word_1_217' title='bbox 1032 2358 1047 2391; x_wconf 93' lang='lat' dir='ltr'>I</span> <span class='ocrx_word' id='word_1_218' title='bbox 1066 2384 1073 2399; x_wconf 88' lang='lat'>,</span> <span class='ocrx_word' id='word_1_219' title='bbox 1096 2369 1131 2405; x_wconf 88' lang='lat' dir='ltr'>p.</span> <span class='ocrx_word' id='word_1_220' title='bbox 1160 2356 1249 2391; x_wconf 58' lang='lat'>3011.</span> 
     </span>
    </p>

    <p class='ocr_par' dir='ltr' id='par_1_6' title="bbox 269 2412 1677 2760">
     <span class='ocr_line' id='line_1_29' title="bbox 324 2412 1676 2465; baseline -0.004 -12"><span class='ocrx_word' id='word_1_221' title='bbox 324 2421 359 2454; x_wconf 75' lang='lat'>3.</span> <span class='ocrx_word' id='word_1_222' title='bbox 392 2419 444 2452; x_wconf 88' lang='lat' dir='ltr'>La</span> <span class='ocrx_word' id='word_1_223' title='bbox 460 2415 586 2452; x_wconf 79' lang='lat' dir='ltr'>clause</span> <span class='ocrx_word' id='word_1_224' title='bbox 604 2416 732 2451; x_wconf 66' lang='lat' dir='ltr'>iretait</span> <span class='ocrx_word' id='word_1_225' title='bbox 753 2429 818 2465; x_wconf 87' lang='lat' dir='ltr'>pas</span> <span class='ocrx_word' id='word_1_226' title='bbox 835 2428 920 2451; x_wconf 81' lang='lat' dir='ltr'>sans</span> <span class='ocrx_word' id='word_1_227' title='bbox 938 2414 1164 2451; x_wconf 65' lang='lat' dir='ltr'>resti-ivnon.</span> <span class='ocrx_word' id='word_1_228' title='bbox 1187 2417 1240 2450; x_wconf 85' lang='lat' dir='ltr'>Le</span> <span class='ocrx_word' id='word_1_229' title='bbox 1260 2413 1313 2449; x_wconf 88' lang='lat' dir='ltr'>roi</span> <span class='ocrx_word' id='word_1_230' title='bbox 1336 2413 1388 2448; x_wconf 89' lang='lat' dir='ltr'>dit</span> <span class='ocrx_word' id='word_1_231' title='bbox 1407 2412 1500 2449; x_wconf 89' lang='lat' dir='ltr'>dans</span> <span class='ocrx_word' id='word_1_232' title='bbox 1518 2412 1551 2449; x_wconf 89' lang='lat' dir='ltr'>le</span> <span class='ocrx_word' id='word_1_233' title='bbox 1567 2412 1676 2449; x_wconf 78' lang='lat' dir='ltr'>traite</span> 
     </span>
     <span class='ocr_line' id='line_1_30' title="bbox 269 2471 1677 2523; baseline -0.004 -10"><span class='ocrx_word' id='word_1_234' title='bbox 269 2477 316 2513; x_wconf 82' lang='lat' dir='ltr'>de</span> <span class='ocrx_word' id='word_1_235' title='bbox 342 2476 514 2512; x_wconf 71' lang='lat' dir='ltr'>Peronne</span> <span class='ocrx_word' id='word_1_236' title='bbox 539 2489 545 2509; x_wconf 91' lang='lat'>:</span> <span class='ocrx_word' id='word_1_237' title='bbox 574 2494 587 2506; x_wconf 73' lang='lat' dir='ltr'>u</span> <span class='ocrx_word' id='word_1_238' title='bbox 618 2478 745 2509; x_wconf 77' lang='lat' dir='ltr'>Avons</span> <span class='ocrx_word' id='word_1_239' title='bbox 771 2474 1007 2513; x_wconf 82' lang='lat' dir='ltr'>consenti....</span> <span class='ocrx_word' id='word_1_240' title='bbox 1036 2487 1110 2523; x_wconf 85' lang='lat' dir='ltr'>que</span> <span class='ocrx_word' id='word_1_241' title='bbox 1137 2482 1265 2510; x_wconf 85' lang='lat' dir='ltr'>nostre</span> <span class='ocrx_word' id='word_1_242' title='bbox 1289 2472 1342 2508; x_wconf 86' lang='lat' dir='ltr'>dit</span> <span class='ocrx_word' id='word_1_243' title='bbox 1367 2473 1462 2508; x_wconf 65' lang='lat' dir='ltr'>frere</span> <span class='ocrx_word' id='word_1_244' title='bbox 1488 2480 1523 2508; x_wconf 89' lang='lat' dir='ltr'>et</span> <span class='ocrx_word' id='word_1_245' title='bbox 1548 2471 1677 2507; x_wconf 88' lang='lat' dir='ltr'>cousin</span> 
     </span>
     <span class='ocr_line' id='line_1_31' title="bbox 271 2529 1673 2585; baseline -0.002 -16"><span class='ocrx_word' id='word_1_246' title='bbox 271 2535 395 2585; x_wconf 68' lang='lat' dir='ltr'>puisse</span> <span class='ocrx_word' id='word_1_247' title='bbox 415 2541 494 2569; x_wconf 83' lang='lat' dir='ltr'>tant</span> <span class='ocrx_word' id='word_1_248' title='bbox 509 2541 546 2569; x_wconf 81' lang='lat' dir='ltr'>et</span> <span class='ocrx_word' id='word_1_249' title='bbox 562 2532 591 2568; x_wconf 81' lang='lat' dir='ltr'>si</span> <span class='ocrx_word' id='word_1_250' title='bbox 608 2532 853 2581; x_wconf 79' lang='lat' dir='ltr'>longucmcnt</span> <span class='ocrx_word' id='word_1_251' title='bbox 872 2532 965 2580; x_wconf 71' lang='lat' dir='ltr'>qu&#39;il</span> <span class='ocrx_word' id='word_1_252' title='bbox 984 2532 1034 2568; x_wconf 90' lang='lat' dir='ltr'>lui</span> <span class='ocrx_word' id='word_1_253' title='bbox 1053 2531 1172 2582; x_wconf 82' lang='lat' dir='ltr'>plaira</span> <span class='ocrx_word' id='word_1_254' title='bbox 1191 2530 1329 2582; x_wconf 71' lang='lat' dir='ltr'>garder</span> <span class='ocrx_word' id='word_1_255' title='bbox 1348 2539 1383 2566; x_wconf 85' lang='lat' dir='ltr'>et</span> <span class='ocrx_word' id='word_1_256' title='bbox 1401 2529 1673 2567; x_wconf 85' lang='lat' dir='ltr'>entretenir....</span> 
     </span>
     <span class='ocr_line' id='line_1_32' title="bbox 271 2589 1676 2636; baseline -0.005 -6"><span class='ocrx_word' id='word_1_257' title='bbox 271 2602 392 2630; x_wconf 76' lang='lat' dir='ltr'>toutes</span> <span class='ocrx_word' id='word_1_258' title='bbox 412 2593 464 2629; x_wconf 76' lang='lat' dir='ltr'>les</span> <span class='ocrx_word' id='word_1_259' title='bbox 484 2591 682 2636; x_wconf 81' lang='grc'>3111311005,</span> <span class='ocrx_word' id='word_1_260' title='bbox 705 2599 740 2626; x_wconf 87' lang='lat' dir='ltr'>et</span> <span class='ocrx_word' id='word_1_261' title='bbox 762 2590 860 2626; x_wconf 74' lang='lat' dir='ltr'>aussi</span> <span class='ocrx_word' id='word_1_262' title='bbox 889 2591 941 2626; x_wconf 77' lang='lat' dir='ltr'>ies</span> <span class='ocrx_word' id='word_1_263' title='bbox 970 2591 1120 2627; x_wconf 82' lang='lat' dir='ltr'>traictcz</span> <span class='ocrx_word' id='word_1_264' title='bbox 1149 2590 1194 2627; x_wconf 86' lang='grc'>(10</span> <span class='ocrx_word' id='word_1_265' title='bbox 1223 2592 1346 2626; x_wconf 74' lang='lat' dir='ltr'>trcves</span> <span class='ocrx_word' id='word_1_266' title='bbox 1370 2597 1406 2625; x_wconf 81' lang='lat' dir='ltr'>ct</span> <span class='ocrx_word' id='word_1_267' title='bbox 1431 2589 1676 2625; x_wconf 83' lang='lat' dir='ltr'>l&#39;entrecours</span> 
     </span>
     <span class='ocr_line' id='line_1_33' title="bbox 274 2644 1674 2698; baseline -0.005 -11"><span class='ocrx_word' id='word_1_268' title='bbox 274 2653 320 2689; x_wconf 84' lang='grc'>(10</span> <span class='ocrx_word' id='word_1_269' title='bbox 346 2653 379 2687; x_wconf 91' lang='grc'>13</span> <span class='ocrx_word' id='word_1_270' title='bbox 408 2650 691 2696; x_wconf 84' lang='lat' dir='ltr'>marchandise,</span> <span class='ocrx_word' id='word_1_271' title='bbox 718 2649 809 2698; x_wconf 77' lang='lat' dir='ltr'>qu&#39;il</span> <span class='ocrx_word' id='word_1_272' title='bbox 835 2662 855 2684; x_wconf 94' lang='grc'>3</span> <span class='ocrx_word' id='word_1_273' title='bbox 883 2649 966 2684; x_wconf 83' lang='lat' dir='ltr'>faits</span> <span class='ocrx_word' id='word_1_274' title='bbox 993 2657 1027 2685; x_wconf 81' lang='lat' dir='ltr'>ct</span> <span class='ocrx_word' id='word_1_275' title='bbox 1055 2662 1183 2698; x_wconf 82' lang='lat' dir='ltr'>passez</span> <span class='ocrx_word' id='word_1_276' title='bbox 1208 2662 1299 2685; x_wconf 71' lang='lat' dir='ltr'>avec</span> <span class='ocrx_word' id='word_1_277' title='bbox 1325 2649 1358 2684; x_wconf 88' lang='grc'>10</span> <span class='ocrx_word' id='word_1_278' title='bbox 1385 2661 1453 2696; x_wconf 85' lang='lat' dir='ltr'>roy</span> <span class='ocrx_word' id='word_1_279' title='bbox 1477 2644 1674 2687; x_wconf 63' lang='lat' dir='ltr'>Edouaffl,</span> 
     </span>
     <span class='ocr_line' id='line_1_34' title="bbox 274 2704 1677 2760; baseline -0.008 -11"><span class='ocrx_word' id='word_1_280' title='bbox 274 2720 402 2749; x_wconf 78' lang='lat' dir='ltr'>nostre</span> <span class='ocrx_word' id='word_1_281' title='bbox 423 2724 585 2760; x_wconf 79' lang='lat' dir='ltr'>ennemy</span> <span class='ocrx_word' id='word_1_282' title='bbox 604 2719 636 2747; x_wconf 86' lang='lat' dir='ltr'>ct</span> <span class='ocrx_word' id='word_1_283' title='bbox 660 2709 945 2746; x_wconf 51' lang='lat' dir='ltr'>adversane...</span> <span class='ocrx_word' id='word_1_284' title='bbox 966 2708 1058 2745; x_wconf 62' lang='lat' dir='ltr'>Mais</span> <span class='ocrx_word' id='word_1_285' title='bbox 1074 2709 1187 2745; x_wconf 68' lang='lat' dir='ltr'>neant</span> <span class='ocrx_word' id='word_1_286' title='bbox 1206 2708 1340 2755; x_wconf 86' lang='lat' dir='ltr'>moins,</span> <span class='ocrx_word' id='word_1_287' title='bbox 1361 2714 1488 2743; x_wconf 87' lang='lat' dir='ltr'>nostre</span> <span class='ocrx_word' id='word_1_288' title='bbox 1505 2705 1559 2741; x_wconf 88' lang='lat' dir='ltr'>dit</span> <span class='ocrx_word' id='word_1_289' title='bbox 1579 2704 1677 2739; x_wconf 74' lang='lat' dir='ltr'>frere</span> 
     </span>
    </p>
   </div>
  </div>
 </body>
</html>
