1923 3020
779 251 923 287 LIBER
950 251 1147 287 PRIMUS.
1643 256 1662 288 7

263 348 452 403 sumpto
476 339 702 403 prandio,
730 340 882 385 statim
907 349 1043 385 exuta
1064 340 1251 403 lugubri
1272 350 1396 386 veste
1412 376 1423 398 ‚
1461 341 1548 386 sub
1572 358 1665 404 qua

263 416 472 480 profecto
518 416 718 462 alienam
764 426 963 479 gesserat
1010 433 1293 480 personam,
1339 416 1663 463 brevissimam

264 510 410 554 usquc
443 493 502 538 ad
529 504 658 539 nates
684 494 792 539 albo
826 495 1073 557 rubeoque
1102 494 1370 559 bipartitam
1395 495 1633 541 coloribus
1650 531 1661 551 ‚

262 569 502 631 propriam
525 570 829 616 nunciantcm
857 588 1103 635 personam
1122 609 1132 625 ‚
1158 588 1421 628 assumens,
1443 582 1665 618 venatum

264 645 461 708 perrexit
495 663 641 708 usque
677 647 736 692 ad
773 665 923 693 seram
961 657 1172 705 noctem,
1201 649 1352 712 capite
1384 650 1508 713 pileo
1541 649 1668 695 simi-

261 721 381 768 libus
431 724 605 786 partito
659 725 901 770 coloribus
946 726 1142 771 amictus
1162 763 1172 783 ‚
1225 726 1439 773 satellites
1485 726 1666 772 habens

260 816 426 845 omnes
475 801 798 847 consimilibus
854 811 1047 847 ornatos
1096 801 1382 848 indumentis
1428 821 1437 847 z
1491 802 1665 866 quibus

259 876 399 921 etiam
428 885 470 920 et
503 876 704 939 phalerae
729 887 773 922 et
798 877 1015 923 subsellia
1037 893 1269 939 equorum
1294 878 1483 941 paribus
1517 895 1663 925 orna·-

260 952 428 997 mentis
452 952 818 1016 respondebant.

323 1030 572 1090 Postquam
598 1046 709 1074 vero
742 1030 987 1093 proditum
1012 1028 1262 1093 palamque
1295 1030 1468 1076 sactum
1492 1031 1667 1077 exstitit

256 1105 388 1168 quod
409 1122 505 1150 non
530 1106 667 1151 vellet
691 1123 771 1151 rex
796 1123 945 1152 novus
980 1122 1139 1152 coram
1174 1106 1343 1151 intueri
1371 1123 1452 1152 eos
1482 1107 1563 1169 qui
1600 1107 1662 1152 ob

256 1183 399 1246 patris
424 1182 599 1228 luctum
622 1184 756 1244 nigro
777 1184 924 1229 vestiti
947 1192 1100 1228 essent
1117 1181 1197 1243 (ad
1221 1199 1327 1228 eum
1351 1184 1475 1228 enim
1500 1199 1663 1245 quam·

255 1259 411 1323 plures
437 1277 460 1305 e
480 1276 643 1321 regim,
664 1260 882 1305 affectum
907 1260 1037 1304 illum
1063 1276 1201 1322 quem
1220 1259 1277 1304 ad
1296 1259 1569 1306 defunctum
1588 1277 1663 1307 re-

255 1353 360 1399 gem
386 1336 650 1382 habuerant
680 1336 962 1395 indicantes,
996 1335 1312 1399 lugubresque
1345 1346 1496 1383 vestes
1525 1336 1661 1384 defe-

256 1423 434 1469 rente5‚
462 1414 548 1459 sibi
582 1414 929 1474 occurrerant),
970 1422 1067 1457 tum
1104 1412 1355 1475 pulchrum
1384 1413 1544 1459 videre
1579 1413 1663 1459 fuit

253 1490 383 1553 quod
410 1490 539 1535 multi
565 1491 736 1549 statim,
765 1490 951 1535 mutatis
969 1489 1274 1547 vestimentis7
1293 1489 1402 1535 albo
1415 1489 1658 1552 rubeoque

256 1565 432 1627 partitis
460 1581 557 1609 sese
582 1573 868 1609 ornaverunt
890 1583 901 1621 3
933 1573 985 1608 ut
1012 1562 1144 1608 facile
1168 1562 1229 1608 ab
1253 1562 1325 1607 his
1349 1563 1431 1624 qui
1455 1563 1561 1608 talia
1586 1564 1656 1608 in—

253 1641 485 1703 spicerent
505 1641 672 1685 merito
697 1640 787 1685 dici
811 1650 969 1704 posset
996 1657 1005 1684 :

377 1779 392 1794 (ι
420 1759 550 1798 Totus
574 1757 627 1798 ad
650 1756 890 1814 exemplum
912 1757 1019 1814 regis
1041 1756 1310 1813 componitur
1332 1755 1462 1797 orbis.
1493 1776 1508 1791 υ

316 1883 420 1929 Non
445 1891 511 1926 est
531 1890 687 1926 autem
713 1880 843 1926 facile
866 1880 1094 1925 aestimare
1117 1888 1320 1941 quantus
1346 1878 1405 1924 ad
1428 1895 1537 1925 eum
1563 1892 1653 1926 nu-

252 1975 406 2004 merus
429 1966 731 2003 concurrerat
754 1956 812 2002 de
843 1956 1063 2002 omnibus
1088 1955 1340 2019 provinciis
1363 1954 1618 2002 Galliarum
1638 1975 1647 2001 ε

251 2036 327 2082 alii
361 2052 447 2100 pro
482 2034 673 2090 officiis,
701 2050 803 2096 qua}
831 2032 919 2078 sub
956 2042 1086 2096 patre
1113 2040 1385 2088 tenuerant,
1414 2032 1655 2079 servandis

249 2124 389 2176 atque
434 2112 716 2168 retinendis3
766 2111 840 2156 alii
881 2127 992 2155 vero
1029 2126 1116 2173 pro
1157 2109 1291 2154 novis
1330 2110 1650 2171 assequendis.

248 2195 392 2238 Tanta
432 2192 557 2237 enim
598 2188 790 2235 ambitio
832 2187 1199 2233 obtinendorum
1241 2185 1507 2232 officiorum
1543 2204 1651 2250 pro-

250 2280 350 2333 pter
370 2269 634 2315 felicitatem
659 2265 983 2329 temporalem,
1009 2280 1118 2326 qua,
1139 2264 1218 2326 qui
1238 2263 1324 2308 sub
1348 2273 1478 2326 patre
1500 2263 1652 2310 officia

249 2355 525 2404 tenuerant,
570 2344 703 2408 potiti
747 2342 1160 2399 existimabantur,
1210 2341 1392 2386 animos
1436 2342 1651 2387 omnium

248 2439 378 2486 paene
403 2422 743 2485 regnicolarum
770 2419 1040 2477 obsederat,
1069 2428 1119 2463 ut
1139 2418 1350 2463 certatim
1375 2417 1433 2464 de
1460 2428 1558 2464 toto
1584 2435 1651 2464 re-

248 2516 368 2561 gno,
408 2517 494 2563 pro
530 2497 802 2560 hujusmodi
825 2497 998 2556 causis,
1029 2496 1258 2541 maximus
1291 2495 1421 2542 fieret
1455 2496 1514 2541 ad
1539 2513 1645 2542 eum

248 2592 539 2634 concursus;
586 2574 792 2636 talesque
838 2574 977 2619 etiam
1022 2571 1177 2618 officia
1217 2572 1512 2627 ambiebant,
1551 2588 1647 2616 non

248 2653 393 2698 modo
412 2653 491 2715 qui
517 2651 629 2698 alias
652 2651 923 2713 hujusmodi
950 2649 1215 2695 bonoribus
1244 2667 1327 2696 seu
1352 2649 1652 2695 administra-

252 2729 458 2774 tionibus
485 2729 628 2774 functi
658 2728 875 2785 fuissent,
907 2727 987 2774 sed
1023 2736 1067 2772 et
1095 2726 1398 2790 quamplures
1428 2726 1538 2788 qui,
1578 2725 1650 2771 vel
