1923 3020
742 241 881 277 LIBER
919 240 1134 275 TERTIUS.
1561 237 1630 273 231

244 329 388 375 modo
422 346 508 374 nec
545 328 822 383 solemnius,
864 346 950 375 nec
988 325 1273 374 reverentius
1301 333 1380 370 aut
1416 325 1638 370 sacratius

244 405 341 451 fieri
378 416 559 468 posset,
599 406 834 466 juraverat
870 407 1143 452 habiturum
1179 421 1225 449 se
1262 413 1307 448 et
1343 412 1636 449 servaturum

242 491 490 546 perpetuas
535 498 731 544 pacem,
781 484 1036 538 amicitias,
1087 482 1313 527 unionem
1352 490 1398 526 et
1441 497 1638 526 concor·

245 559 371 603 diam
406 574 515 602 cum
552 559 651 620 ipso
687 558 807 604 duce
845 559 1136 621 Burgundiae,
1177 557 1351 619 absque
1383 557 1476 603 hoc
1508 555 1640 619 quod

243 649 540 696 quacumque
565 635 656 688 via,
686 636 842 681 medio
862 653 941 681 seu
967 635 1171 698 querela,
1194 650 1502 697 quaecumque
1524 635 1643 679 {oret

245 720 324 754 aut
346 726 580 772 emergere
605 722 783 772 posset,
812 714 910 775 ipse
942 712 1112 758 faceret
1135 727 1213 756 seu
1248 710 1403 769 daret,
1433 720 1514 756 aut
1543 710 1643 757 fieri

244 801 329 848 per
351 785 493 830 alium
524 798 795 848 procuraret
821 804 1066 850 guerram,
1091 802 1342 847 gravamen
1366 802 1447 832 seu
1474 786 1645 849 praeju-

246 862 447 920 dicium,
478 872 558 908 aut
587 863 761 908 malum
789 864 1124 926 quodcumque
1149 862 1303 907 eidem
1338 861 1446 907 duci
1470 863 1644 924 (quem

245 955 342 984 non
368 939 512 985 modo
535 956 673 985 suum
694 950 964 1001 cognatum,
988 938 1070 984 sed
1095 947 1139 983 et
1162 937 1367 992 fratrem,
1392 937 1645 999 aliquando

246 1016 386 1061 etiam
410 1016 559 1062 filium
583 1016 893 1080 appellabat),
920 1015 1071 1074 terris,
1101 1014 1323 1059 dominiis
1346 1023 1427 1059 aut
1450 1013 1647 1059 subditis

247 1094 363 1150 suis;
403 1094 627 1155 quodque
648 1131 658 1151 ,
688 1094 725 1138 si
749 1108 840 1154 qua
865 1093 986 1136 inter
1008 1107 1088 1136 eos
1114 1090 1382 1136 oboriretur
1405 1089 1648 1135 contentio

247 1187 326 1215 seu
351 1170 541 1232 querela
566 1168 1024 1232 (quemadmodum,
1054 1168 1101 1212 in
1127 1166 1266 1212 rebus
1289 1165 1387 1210 istis
1407 1165 1646 1224 humanis,

248 1248 387 1292 etiam
424 1248 545 1292 inter
584 1246 743 1290 fratres
783 1254 829 1289 et
866 1245 1105 1306 sanguinis
1145 1243 1490 1289 necessitudine
1534 1260 1650 1288 con-

250 1323 587 1384 junctissimos,
633 1322 764 1366 facile
806 1321 994 1366 evenire
1034 1320 1210 1379 solet),
1259 1335 1357 1364 non
1404 1317 1651 1363 inchoaret

251 1417 369 1445 unus
398 1398 620 1444 adversus
648 1398 792 1444 alium
831 1414 1073 1460 guerram,
1107 1396 1189 1442 sed
1226 1395 1300 1441 vel
1332 1394 1646 1451 arbitrorum,

250 1477 319 1523 vel
341 1476 523 1539 parium
547 1476 789 1533 Franciae¹,
817 1476 890 1521 vel
917 1476 1059 1539 ipsius
1082 1473 1350 1537 apostolicae
1372 1471 1494 1518 sedis
1515 1470 1651 1533 judi-

249 1556 372 1600 cium
396 1554 597 1617 desuper
619 1562 956 1616 exspectarent.

314 1631 495 1687 Quibus
529 1641 622 1676 tam
648 1630 976 1676 venerabiliter
1015 1645 1068 1674 ae
1102 1627 1318 1689 religiose
1358 1633 1651 1671 sacramento

251 1709 458 1766 firmatis,
477 1708 720 1770 quomodo
740 1708 991 1754 conveniat
1013 1705 1338 1765 coliaereatque
1361 1701 1509 1747 foedus
1529 1700 1649 1745 istud

250 1802 358 1831 cum
404 1785 495 1830 hoc
535 1785 746 1848 principe
783 1785 984 1842 Walliae,
1028 1793 1079 1828 ut
1126 1781 1398 1837 retulimus,
1447 1778 1648 1833 sactum,

251 1863 598 1924 unusquisque,
624 1861 923 1923 quantumvis
954 1860 1125 1905 obtusa
1156 1866 1340 1913 mente,
1370 1854 1500 1900 facile
1534 1853 1654 1915 diju-

253 1939 407 1984 dicare
443 1949 614 2002 posset.
653 1937 741 1983 Sed
778 1948 823 1983 et
858 1938 1071 2001 profecto
1104 1952 1152 1981 se
1187 1951 1212 1979 a
1244 1933 1340 1978 risu
1376 1931 1542 1993 aliquis
1576 1931 1653 1976 vix

252 2017 494 2061 continere
520 2016 688 2079 possit,
714 2015 829 2060 dum
863 2015 926 2060 ibi
958 2014 1067 2074 legit
1095 2011 1225 2075 quod
1253 2014 1542 2054 Francorum
1574 2023 1654 2052 rex

253 2094 454 2139 Henrico
480 2103 522 2138 et
555 2095 839 2152 Margaretae,
869 2091 1077 2151 cognatis
1106 2089 1223 2143 suis,
1252 2102 1436 2149 semper
1470 2085 1654 2130 favores

254 2180 299 2215 et
326 2170 494 2216 auxilia
523 2179 688 2215 contra
724 2167 996 2213 Edoardum
1022 2165 1076 2210 de
1104 2167 1150 2210 la
1176 2163 1393 2217 Marche,
1423 2161 1653 2225 praestite-

255 2247 336 2303 rit,
365 2264 472 2291 cum
500 2247 608 2292 satis
641 2245 823 2290 notorie
851 2252 1034 2288 constet
1067 2241 1229 2304 quod,
1263 2249 1371 2285 ante
1406 2239 1549 2302 patris
1582 2238 1655 2283 sui

256 2323 470 2382 obitum,
519 2322 672 2368 eidem
727 2320 945 2366 Edoardo
992 2319 1129 2364 suerit
1173 2317 1425 2363 foederatus
1470 2315 1656 2379 sibique

255 2475 338 2511 nier
362 2474 408 2511 ici
433 2474 468 2510 la
494 2473 664 2509 violence
687 2471 843 2508 exercce
869 2477 998 2506 contre
1024 2468 1060 2505 le
1087 2467 1144 2504 roi
1173 2468 1194 2503 a
1220 2465 1415 2509 Peronne,
1441 2463 1605 2513 laquelle
1630 2463 1656 2500 il

256 2535 375 2571 s'etait
394 2534 568 2570 contente
590 2532 636 2569 (le
661 2545 788 2582 passer
807 2543 894 2567 sous
916 2529 1056 2566 silence
1077 2527 1169 2564 (lans
1192 2526 1227 2563 le
1247 2526 1340 2563 recit
1361 2525 1406 2561 de
1426 2525 1654 2562 l‘entrevue.

256 2597 381 2643 Voyez
401 2593 603 2638 emh-ssim,
626 2606 663 2642 p.
694 2594 781 2629 189.

311 2657 347 2689 1.
372 2655 526 2689 Comme
544 2653 577 2688 le
595 2653 678 2702 plus
699 2650 817 2702 grand
837 2648 996 2686 nombre
1016 2647 1082 2684 des
1103 2647 1204 2697 pairs
1221 2645 1268 2683 (le
1287 2647 1429 2682 France
1449 2643 1660 2681 assistaient

260 2715 280 2749 a
294 2711 527 2750 l⁷asse1nblce
541 2711 588 2748 de
607 2714 745 2757 Tours,
768 2710 994 2759 l'argument
1013 2706 1060 2744 de
1072 2706 1235 2743 Thomas
1249 2703 1361 2741 Rasin
1376 2702 1502 2740 tombe
1515 2704 1536 2739 a
1550 2702 1655 2740 faux,
