1923 3020
304 250 378 285 916
660 249 853 283 HISTORI
861 250 883 281 A
891 249 996 282 RUM
1025 220 1256 283 LUDOVICI
1286 250 1339 283 XI

304 354 444 400 super
470 337 663 380 flumine
682 334 929 396 quodam¹,
955 335 1000 378 in
1026 335 1245 391 Pictavia,
1274 345 1467 398 propter
1485 336 1578 380 hoc
1598 353 1706 382 con-

306 412 483 457 structi.
529 412 626 456 Dic}
670 421 825 456 autem
866 410 996 455 l'acile
1038 427 1131 455 nou
1177 420 1333 473 posset
1371 421 1577 473 quantus
1618 412 1706 456 illic

305 505 491 545 rumor,
531 488 590 533 de
631 504 794 551 guerra
831 487 1070 533 inscrenda
1107 487 1309 532 ducibus
1351 487 1628 549 Burgundioe
1663 498 1708 534 et:

306 565 574 623 Britanniae,
610 575 710 609 toto
736 581 881 626 regno
912 565 1168 627 pertonuit.
1201 566 1426 610 Omnium
1461 581 1591 628 ptrue
1618 581 1708 610 vox

303 658 394 686 una
420 652 533 701 erat⁷
564 659 654 687 una
680 642 926 699 sententia,
953 642 1115 686 eadem
1142 643 1437 701 existimatio,
1467 642 1591 686 illico
1614 641 1709 686 bel-

302 719 400 764 lum
444 737 526 783 per
565 736 748 781 regem,
791 719 1021 781 adjunctis
1060 719 1212 764 fratris
1249 720 1317 764 sui
1358 719 1530 764 viribus
1568 729 1708 781 atque

302 798 504 854 auxiliis,
544 797 779 842 ambobus
811 797 1134 852 inserendum,
1170 797 1335 842 ambos
1368 797 1708 860 opprimendos

300 884 439 936 atque
483 874 888 933 exterminandos3
934 874 1176 919 nonnullis
1218 875 1508 932 dicentibus,
1552 892 1707 935 regem

303 951 442 1013 hujus
471 951 577 997 belli
605 967 840 996 summam
871 967 1095 1013 germano
1120 966 1206 996 suo
1236 967 1436 1013 suasque
1469 953 1628 1015 copias
1664 963 1709 1003 et

302 1029 559 1074 exercitum
585 1028 757 1074 debere
781 1030 1099 1086 committere,
1126 1029 1375 1090 solumque
1399 1028 1457 1072 ad
1479 1027 1572 1074 hoc
1597 1045 1706 1074 eum
1726 1087 1728 1089 Ι

302 1106 536 1165 sufficere3
557 1107 655 1152 aliis
676 1105 959 1168 Jactantibus
983 1105 1205 1150 eumdem
1228 1105 1455 1150 vicarium
1479 1122 1614 1150 suum
1633 1122 1708 1167 ge·

305 1183 513 1229 neralem
545 1184 591 1228 in
627 1184 758 1245 regni
788 1182 1195 1227 administratione
1226 1182 1383 1227 secisse
1418 1181 1707 1227 facturumve

303 1278 419 1306 esse.
451 1263 522 1316 Et,
550 1270 601 1305 ut
627 1263 672 1305 in
700 1259 868 1304 talibus
892 1258 992 1304 fieri
1015 1258 1201 1317 assolet,
1230 1258 1532 1303 scindebatur
1556 1259 1707 1303 incer-

303 1350 402 1384 tum
437 1338 589 1383 studia
624 1340 667 1382 in
703 1337 940 1382 contraria
971 1336 1157 1397 vulgus,
1195 1336 1298 1394 sed,
1335 1335 1497 1398 procul
1535 1334 1706 1390 dubio,

303 1416 396 1478 regi
419 1415 557 1475 longe
579 1414 667 1460 alia
687 1430 820 1459 mens
840 1423 954 1470 erat,
982 1429 1126 1475 quain
1149 1423 1199 1458 ut
1221 1413 1450 1458 exercitus
1472 1422 1517 1457 et
1537 1411 1709 1456 militiae

302 1510 395 1539 suae
419 1492 647 1537 ducatum
674 1508 898 1554 germano
925 1508 1029 1549 suo,
1059 1491 1360 1553 quantumvis
1388 1490 1706 1548 reconciliato,

303 1570 638 1625 committeret3
663 1567 744 1613 sed
762 1568 876 1629 quin
896 1566 951 1613 de
970 1568 1286 1631 opprimendo
1305 1577 1350 1613 et
1369 1566 1709 1628 exstinguendo

304 1645 549 1709 praedictos
574 1644 740 1701 duces,
768 1644 804 1688 si
833 1644 873 1688 ei
902 1645 1248 1707 permitteretur
1272 1644 1482 1701 facultas,
1508 1653 1552 1689 et
1575 1653 1710 1689 antea

301 1732 345 1767 et
373 1732 473 1767 tum
501 1722 702 1766 maxime
726 1722 971 1783 cogitaret,
1002 1722 1180 1766 nemini
1205 1721 1250 1766 in
1279 1732 1485 1767 mentem
1510 1721 1709 1767 dubium

301 1800 460 1845 venire
487 1797 643 1844 debet.
678 1798 799 1843 Nihil
830 1799 1005 1861 quippe
1028 1808 1125 1843 erat
1148 1799 1195 1843 in
1223 1815 1319 1861 quo
1344 1798 1544 1862 amplius
1571 1816 1708 1844 suum

300 1877 587 1923 desiderium
622 1885 903 1935 versaretur,
938 1875 1053 1920 nihil
1083 1875 1213 1938 quod
1247 1885 1490 1939 exoptaret
1519 1875 1708 1921 ferven-

301 1958 410 2001 tius.
438 1955 526 2000 Sed
552 1956 662 2017 quia
682 1955 804 1999 vires
828 1955 960 2015 regni
985 1954 1153 2014 Angliae
1172 1954 1260 1998 sibi
1281 1963 1506 2017 suspectae
1524 1970 1709 2016 semper

301 2043 436 2078 eraut
456 2042 499 2078 ct
521 2031 795 2089 fiwmidatte,
821 2048 928 2076 cum
946 2048 1043 2094 quo
1065 2031 1208 2077 duces
1228 2031 1441 2094 praesatos
1461 2030 1709 2076 foederatos

301 2109 487 2154 videbat
506 2147 515 2165 ‚
548 2119 643 2154 tam
667 2109 871 2153 arduum
896 2126 1016 2171 opus
1037 2109 1213 2154 adoriri
1238 2108 1487 2154 verebatur
1510 2108 1706 2154 distulit·

300 2203 409 2248 que.
456 2188 621 2232 Hieme
661 2185 865 2249 [autem]
908 2186 1123 2249 proxima
1166 2195 1380 2249 peracta,
1424 2194 1581 2247 optata
1622 2184 1706 2230 sibi

298 2273 466 2324 atque,
509 2280 589 2308 sua
632 2264 1002 2319 existimatione,
1048 2263 1178 2308 valde
1214 2272 1483 2326 opportuna
1523 2264 1706 2309 occasio

299 2340 624 2401 hujuscemodi
651 2357 749 2385 rem
774 2339 1078 2402 aggrediendi
1102 2340 1238 2386 allata
1262 2350 1345 2385 cst.

368 2420 419 2461 Et
456 2416 565 2478 quia
604 2418 701 2477 jam
736 2417 864 2463 dicto
904 2418 1025 2462 inter
1062 2418 1377 2475 Ludovicum,
1418 2421 1704 2463 Francorum

299 2510 479 2556 regem,
515 2503 559 2537 et
593 2494 836 2551 (Iarolum,
874 2511 1151 2555 germanum
1181 2511 1341 2551 suum,
1373 2511 1594 2557 percusso
1624 2494 1706 2540 soe-

349 2621 384 2655 1.
419 2620 491 2655 Sur
516 2631 564 2654 un
588 2628 678 2668 pont
699 2618 745 2654 de
768 2618 931 2656 bateaux
945 2620 1022 2665 jete
1044 2633 1090 2656 en
1111 2628 1256 2655 travers
1278 2619 1323 2656 de
1347 2620 1379 2656 la
1401 2621 1538 2663 Scire,
1561 2632 1608 2655 au
1629 2618 1703 2654 lieu

294 2677 348 2713 dit
380 2677 414 2713 lc
448 2676 778 2723 Pmt-dc-Braiul,
816 2678 900 2726 pres
938 2677 984 2713 (le
1017 2680 1164 2713 Nlarans
1200 2678 1463 2724 (aujourd'hui
1496 2677 1701 2713 Charonte-

295 2736 542 2781 Inserieurejs.
