1923 3020
302 246 376 282 148
665 239 1004 276 HISTORIARUM
1033 240 1269 275 LUDOVICI
1295 241 1351 274 Xl

300 329 650 396 exspectabant,
680 342 822 388 quam
839 325 898 371 ab
918 325 1038 371 duce
1062 329 1443 370 Normannorum
1465 332 1704 376 consecuti

301 406 544 466 fuissent),
573 404 698 449 misit
720 403 845 448 illico
868 402 923 448 ad
951 419 1107 463 regem
1133 401 1365 463 quosdam
1388 402 1704 464 iniquissimos

299 487 424 530 viros
449 482 507 528 ad
531 480 870 527 insinuandum
897 478 985 525 sibi
1012 479 1285 540 hujtlsmodi
1320 479 1589 542 principum
1616 479 1704 525 dis-

297 561 576 607 cessionem.
617 557 692 602 Ob
730 573 872 619 quam
913 556 1156 619 profecto,
1195 556 1364 601 accolis
1403 557 1702 602 Normanniae

294 637 393 682 dies
416 636 490 682 ille
516 635 657 680 festus
687 634 734 679 in
761 649 983 695 magnum
1007 632 1186 678 luctum
1208 643 1275 678 est
1298 649 1553 678 conversus
1576 651 1584 678 ε
1620 633 1702 695 qui

293 724 455 777 postca
476 722 670 777 propter
688 710 798 769 hoc,
823 727 931 755 cum
952 710 1129 771 ingenti
1153 710 1414 756 vastatione
1449 719 1492 754 ct
1523 709 1698 755 damno

290 792 433 836 totius
452 790 630 853 patriae‚
651 787 828 851 experti
845 796 953 832 sunt
973 802 1114 849 quam
1133 803 1294 832 verum
1315 787 1367 831 sit
1390 787 1520 848 qnod
1540 786 1699 833 divina

287 867 630 930 prophetarum
663 863 854 910 oracula
890 863 1163 908 cecinerunt
1191 881 1199 907 :
1233 883 1252 904 «
1279 863 1430 907 Nolite
1458 863 1697 909 confidere

287 944 332 990 in
372 943 664 1008 principibus
702 941 893 998 vestri53
929 961 950 982 »
985 950 1030 985 ct
1059 940 1184 985 aliud
1214 958 1221 984 :
1254 962 1275 982 «
1309 940 1581 986 Maledictus
1615 942 1695 1002 qui

285 1021 487 1068 confidit
525 1022 572 1066 in
605 1019 800 1064 homine
839 1027 883 1063 et
924 1018 1005 1080 qui
1041 1018 1175 1080 ponit
1215 1034 1408 1063 carnem
1444 1018 1691 1064 brachium

283 1116 440 1144 suum.
468 1118 489 1140 »

348 1174 602 1238 Implentes
632 1174 757 1218 enim
793 1172 1004 1217 Britones
1036 1169 1099 1215 illi
1123 1169 1491 1215 ambitiosissimi
1520 1181 1565 1216 et
1589 1188 1692 1218 ava-

281 1252 449 1298 rissimi
475 1262 616 1313 atque
645 1248 971 1312 peffidisshni,
1006 1246 1121 1291 illud
1150 1245 1282 1309 quod
1309 1247 1494 1309 sapiens
1524 1248 1569 1292 in
1596 1249 1690 1293 suis

279 1328 540 1393 proverbiis
572 1326 724 1387 inquit
748 1343 756 1369 :
789 1345 809 1366 ι(
830 1323 1142 1369 Occasionem
1166 1323 1353 1386 quaerit,
1392 1324 1471 1385 qui
1498 1325 1595 1369 vult
1621 1342 1689 1370 re-

277 1407 443 1453 cedere
461 1405 519 1451 ah
537 1404 689 1450 amico
704 1439 715 1461 ‚
743 1422 764 1443 »
786 1412 837 1447 ut
857 1400 1190 1446 discessionem
1212 1410 1351 1462 atque
1369 1400 1687 1462 proditionem

276 1499 410 1529 suam
446 1482 604 1543 aliquo
636 1478 898 1524 honestatis
924 1476 1519 1539 obtegerentvelamento,
1557 1495 1688 1524 meu-

274 1559 518 1604 dacissime
563 1555 898 1602 confinxerunt
942 1554 1070 1616 quod
1111 1555 1235 1599 cives
1285 1553 1686 1616 Rothomagenses

271 1637 659 1699 conspiraverant
688 1650 827 1678 suum
857 1632 1088 1695 periinere
1109 1631 1279 1676 ducem
1304 1640 1444 1693 atque
1468 1648 1607 1690 suos,
1649 1633 1686 1678 si

272 1714 316 1758 in
347 1713 511 1759 urbem
536 1713 687 1775 ipsam
712 1710 1023 1766 introiissent;
1049 1708 1179 1770 quod
1201 1708 1379 1771 utique,
1408 1724 1506 1753 non
1537 1709 1683 1754 modo

268 1792 490 1849 veritate,
519 1790 598 1835 sed
626 1789 768 1834 etiam
794 1787 923 1832 omni
951 1785 1355 1831 verisimilitudine
1379 1795 1519 1848 atque
1541 1803 1683 1850 appa-

267 1868 420 1913 rentia
444 1882 647 1913 vacuum
671 1880 802 1922 esse,
845 1862 977 1907 facile
1008 1860 1187 1924 liquere
1220 1861 1478 1924 unicuique
1507 1872 1674 1924 potest.

268 1944 527 2001 Quomodo
551 1943 678 1989 enim
714 1950 872 2005 potest
906 1939 1158 1985 verisimile
1195 1938 1333 1984 alicui
1366 1939 1511 1985 videri
1549 1940 1677 2001 quod

267 2022 554 2082 Normanni,
587 2021 669 2083 qui
699 2020 806 2065 satis
840 2033 1027 2080 graveS‚
1062 2016 1237 2062 oculati
1272 2026 1317 2061 et,
1352 2018 1676 2080 circumspecti

266 2117 364 2146 esse
388 2101 565 2159 solent,
592 2108 770 2145 tantam
792 2096 962 2141 mentis
980 2094 1321 2140 hebetudinem
1345 2095 1672 2151 incurrissent,

265 2185 316 2222 ut
342 2187 540 2233 tantum,
574 2176 751 2222 nedum
772 2173 913 2231 velle,
950 2172 1031 2218 sed
1054 2172 1126 2217 vel
1151 2173 1355 2234 cogitare
1379 2184 1595 2236 possent,
1626 2185 1676 2220 ut

262 2271 371 2299 eum
396 2255 657 2316 principem
683 2262 729 2297 et
751 2268 861 2297 suos
891 2260 984 2295 tam
1020 2248 1199 2312 perfide
1223 2259 1269 2294 et
1294 2250 1392 2294 sine
1419 2249 1513 2295 ulla
1534 2266 1675 2297 causa

263 2330 554 2391 exstinguere
579 2339 623 2374 ct
648 2328 858 2391 perditos
884 2327 936 2371 iri
962 2326 1243 2385 voluissent9
1278 2326 1323 2370 in
1361 2325 1531 2388 quibus
1564 2327 1673 2372 solis

263 2405 540 2453 mortalibus
570 2415 615 2450 et
652 2422 734 2468 per
762 2421 883 2466 quos
918 2419 1050 2466 spem
1089 2420 1182 2448 suae
1218 2403 1508 2461 securitatis,
1548 2413 1671 2450 tran-

261 2483 500 2547 quillitatis
534 2492 578 2527 ct
619 2482 746 2544 pacis
785 2480 1040 2542 repositam
1075 2496 1174 2525 esse
1213 2496 1310 2525 non
1348 2479 1666 2541 ignorabant3

258 2572 303 2608 et
329 2560 527 2624 quibus,
555 2575 641 2622 pro
675 2557 917 2603 beneficiis
944 2557 989 2600 in
1021 2573 1160 2601 suum
1193 2557 1374 2602 collatis
1405 2557 1666 2620 principem

257 2648 400 2699 atque
417 2634 775 2681 dilectissimum
793 2648 847 2676 ac
859 2630 1307 2676 desideratissimum
1326 2631 1513 2691 ducem,
1531 2631 1666 2677 valde

255 2731 304 2760 se
326 2713 474 2759 teneri
499 2711 730 2772 obligatos
755 2718 895 2770 atque
925 2706 1159 2752 obnoxios
1185 2707 1284 2752 sore
1309 2706 1657 2768 agnoscebant3
