1923 3020
276 260 323 295 54
408 230 411 233 Α
632 260 968 298 HISTORIARUM
997 261 1230 297 LUDOVICI
1258 262 1314 297 XI

273 345 428 390 vicum
451 344 693 408 praesatum
711 382 722 403 ,
749 362 858 391 cum
888 346 1105 392 nondum
1137 363 1321 392 menses
1347 362 1425 392 sex
1449 363 1477 393 a
1508 361 1592 392 sua
1623 347 1671 392 in

276 437 471 481 regnum
495 420 825 467 sublimatione
850 422 1155 468 transiissent.

719 650 789 694 CA
799 650 1059 696 PlTULUM
1094 653 1195 697 XVI
1206 686 1216 696 .

274 786 324 818 De
348 783 474 817 foedere
496 784 594 830 quod
616 786 830 819 Francorum
851 798 911 819 rex
936 785 1013 819 iniit
1033 797 1114 819 cum
1140 787 1293 827 Joanne,
1313 797 1391 831 rege
1408 787 1621 832 Aragonum,
1644 794 1675 819 et

320 836 523 870 liberatione
544 837 670 883 reginae
695 838 839 871 obsessae
865 837 962 884 apud
983 837 1185 872 Gerundarn
1210 851 1271 884 per
1299 838 1485 872 adventum
1510 839 1677 873 exercitus

319 889 544 924 Francorum.

343 1008 521 1054 Eodem
548 1018 702 1055 autem
727 1019 965 1073 tempore,
1002 1013 1234 1067 Joannes,
1264 1026 1340 1054 rex
1367 1012 1671 1072 Aragonum¹,

278 1086 417 1131 frater
447 1083 621 1130 Alfonsi
653 1086 766 1147 (qui
801 1085 973 1132 scilicet
1003 1085 1217 1131 Alfonsus
1247 1085 1293 1130 in
1318 1086 1502 1145 Sicilia,
1541 1086 1676 1149 pulso

277 1161 387 1208 inde
420 1170 464 1206 ct
493 1161 641 1223 ejecto
673 1164 879 1219 Renato,
920 1161 1057 1206 simul
1089 1171 1134 1207 et
1164 1162 1211 1206 in
1249 1162 1477 1224 Aragonia
1512 1178 1676 1225 regnan

278 1238 446 1300 verat),
471 1237 640 1284 auxilia
658 1254 684 1284 a
701 1238 959 1296 Ludovico,
977 1241 1264 1284 Francorum
1290 1255 1414 1301 rege,
1441 1239 1678 1302 requisivit

278 1315 500 1362 adversus
524 1315 773 1361 Catalanos
796 1316 876 1378 qui
896 1326 1060 1362 contra
1083 1333 1132 1362 se
1154 1315 1532 1363 rebellaverant&

343 1393 576 1455 Indignati
603 1394 729 1439 enim
756 1393 989 1453 Catalani,
1017 1404 1061 1440 et
1080 1395 1334 1458 praesertim
1361 1395 1679 1441 Barcinonen-

280 1487 383 1528 ses,
424 1471 554 1534 quod
590 1471 717 1517 idem
753 1475 986 1531 Joannes,
1027 1489 1105 1518 rex
1138 1489 1277 1531 suus,
1316 1472 1586 1529 Carolum&
1624 1489 1677 1518 ex

279 1548 436 1611 priore
469 1548 667 1610 conjuge
697 1565 803 1607 sua,
848 1550 1037 1613 optimae
1072 1548 1245 1594 indolis
1275 1548 1423 1594 filium
1443 1585 1453 1604 ‚
1492 1548 1679 1594 fraudu-

280 1627 446 1685 lenter,
490 1626 818 1673 novercalibus
851 1626 1226 1690 suggestionibus
1264 1625 1478 1683 delusus,
1515 1635 1679 1671 contra

279 1703 560 1766 promissam
586 1719 613 1748 a
636 1720 683 1748 se
713 1703 855 1749 fidem
891 1704 1179 1750 exstinxisset
1210 1703 1313 1764 (cui
1338 1702 1506 1748 Carolo
1538 1702 1679 1747 iidem

280 1780 648 1826 Barcinonenses
682 1780 824 1826 fidem
854 1798 941 1844 pro
978 1797 1061 1826 sua
1093 1780 1151 1826 de
1182 1789 1312 1843 patre
1343 1779 1587 1825 securitate
1611 1788 1678 1823 at-

280 1871 372 1918 que
411 1856 691 1919 impunitate
730 1856 1106 1915 obstrinxerant,
1146 1856 1283 1901 simul
1318 1873 1426 1901 cum
1463 1863 1559 1900 tota
1593 1856 1679 1899 Ca—

281 1932 505 1993 talonia),
551 1934 671 1995 regis
715 1933 957 1997 perfidiam
999 1944 1136 1997 atque
1173 1933 1360 1979 crudele
1395 1942 1440 1977 et
1476 1932 1678 1977 immane

281 2010 587 2072 parricidium
623 2010 862 2069 detestati,
900 2020 1064 2057 contra
1096 2027 1204 2056 eum
1229 2009 1510 2055 unanimiter
1536 2006 1682 2053 rebel-

284 2086 451 2130 larunt.
480 2088 571 2142 Qui
600 2104 709 2132 cum
730 2089 943 2133 aerarium
961 2087 1098 2134 valde
1122 2088 1398 2151 opulentum
1420 2084 1646 2131 haberent
1666 2120 1676 2139 ‚

283 2161 538 2208 multorum
580 2165 874 2210 successione
915 2181 1150 2210 annorum
1200 2164 1260 2209 de
1298 2173 1393 2209 tota
1438 2161 1681 2225 provincia

283 2237 531 2284 collectum
563 2251 607 2286 ct
639 2252 963 2304 aggregatum,
992 2241 1121 2304 quod
1158 2243 1204 2286 in
1240 2241 1496 2286 Barcinona
1521 2255 1679 2283 serva-

283 2316 445 2373 batur,
486 2327 578 2361 tam
608 2328 825 2380 potentes
848 2329 1008 2377 erant,
1043 2319 1175 2382 quod
1199 2318 1258 2364 ad
1282 2334 1361 2363 eos
1387 2316 1681 2362 edomandos

286 2401 424 2455 atque
463 2392 811 2453 distringendos
842 2396 958 2441 vires
997 2405 1110 2440 tunc
1141 2404 1185 2440 et
1221 2393 1428 2458 potentia
1461 2393 1527 2437 sui
1563 2393 1682 2455 regis

283 2468 421 2530 longe
440 2468 685 2514 insen-iores
705 2471 999 2517 exsistebant.
1026 2471 1346 2527 Quamobrem
1367 2486 1493 2528 cum,
1522 2470 1567 2514 in
1594 2486 1679 2514 no-

338 2625 373 2659 l.
402 2625 499 2659 Juan
519 2624 568 2670 11,
592 2622 648 2658 roi
669 2621 877 2673 d’Aragon.

339 2683 374 2718 2.
410 2681 647 2718 Rebellarmzt
666 2680 758 2717 dans
777 2681 811 2717 le
832 2695 902 2719 ms.

340 2745 374 2777 3.
408 2744 492 2777 Don
510 2740 662 2787 Carlos,
686 2741 816 2791 prince
840 2740 885 2778 de
911 2741 1039 2779 Viane.
