1923 3020
254 242 329 276 ⁶2ss2
612 234 950 273 HISTORIARUM
978 232 1213 268 LUDOVICI
1241 233 1295 266 XI

259 338 347 383 tus,
390 327 437 371 in
476 322 674 385 patriam
716 336 867 378 suam,
907 317 1211 380 tranquillam
1241 327 1286 361 et
1320 326 1553 380 pacatam,
1592 318 1660 361 in-

257 403 407 456 x·exit;
434 396 643 443 secundo
669 395 729 441 ab
768 394 937 439 eodem
965 393 1211 452 Edoatzlo,
1247 410 1407 456 quem,
1434 393 1577 438 veluti
1601 392 1660 438 de

259 478 460 523 Henrico
488 475 681 530 fecerat,
709 472 968 536 proditorie
994 472 1135 517 etiam
1160 488 1305 532 regno
1327 470 1563 533 satagebat
1586 470 1662 516 de-

258 553 464 611 turbare,
507 549 664 611 Anglia
688 548 869 612 pulsus,
902 548 1179 609 hujusmodi
1202 548 1359 593 civiles
1382 548 1657 604 discordias,

257 633 304 676 in
332 627 591 689 Galliajam
607 626 781 690 sopitas
805 635 850 670 et
869 641 1000 688 paene
1022 625 1285 681 exstinctas,
1305 625 1398 670 suis
1413 626 1661 670 venenosis

256 707 434 753 artibus
457 716 596 768 atque
620 702 971 767 proditionibus
1000 703 1170 748 iterum
1206 703 1439 748 excitavit.
1478 701 1661 758 Quibus

251 787 349 848 jam
385 782 593 830 excitatis
638 791 684 826 et
723 780 954 826 redivivas
990 780 1083 825 suis
1122 779 1335 825 nefandis
1382 779 1663 825 factionibus

257 863 378 908 vires
418 857 788 914 resumentibus,
818 856 1094 902 earumdem
1122 856 1242 902 faces
1277 857 1446 902 iterum
1482 857 1529 901 in
1566 860 1661 902 An-

259 941 398 1003 gliam
422 953 581 983 secum
606 936 708 980 tulit
732 952 785 980 ex
812 934 985 992 Gallia3
1012 933 1292 995 quibuscum
1316 934 1535 980 incendia
1558 951 1665 997 per-

258 1014 567 1062 niciosissima
607 1011 700 1057 illic
739 1010 1049 1069 accendisset,
1077 1011 1355 1073 pejoraque,
1383 1010 1471 1054 nisi
1507 1011 1665 1057 divina

260 1093 483 1140 adfuisset
502 1089 792 1153 propitiatio,
817 1104 953 1148 agere
971 1087 1233 1131 moliretur.
1259 1085 1433 1130 Eadem
1461 1088 1553 1131 suis
1573 1105 1666 1134 sce-

261 1170 437 1218 leribus
463 1166 661 1213 modum
685 1167 951 1228 imponens,
980 1181 1039 1209 ne
1064 1163 1259 1208 ulterius
1281 1164 1328 1208 in
1352 1163 1666 1227 plurimorum

266 1246 521 1312 perniciem
547 1253 686 1306 atque
705 1242 919 1287 exsilium
945 1239 1341 1298 diffunderentur,
1362 1256 1526 1302 poenas
1539 1241 1598 1287 de
1611 1258 1668 1288 eo

256 1324 535 1387 justissimas
558 1319 771 1382 sumpsit,
804 1318 1054 1380 ipsumque
1078 1316 1311 1362 exstinxit.
1346 1317 1431 1361 Cui
1456 1317 1669 1380 profecto

262 1402 378 1449 illud
401 1400 731 1465 propheticum
755 1395 1198 1442 convenientissime
1229 1395 1439 1459 coaptari
1469 1406 1625 1460 potest
1655 1416 1664 1444 ;

269 1501 289 1521 «
318 1478 427 1523 Vidi
464 1475 663 1538 impium
700 1472 953 1518 exaltatum
992 1481 1037 1517 et
1072 1470 1305 1516 elevatum
1346 1471 1465 1517 sicut
1502 1472 1669 1518 cedros

265 1555 430 1602 Libani
459 1572 467 1598 2
498 1552 709 1608 transivi,
735 1560 779 1596 et
803 1566 910 1596 ecce
934 1565 1032 1594 non
1053 1558 1173 1608 erat3
1199 1548 1390 1611 cluaesivi
1416 1558 1461 1593 et
1483 1564 1581 1594 non
1603 1560 1672 1595 est

265 1635 484 1679 inventus
518 1629 649 1675 locus
682 1628 796 1690 ejus.
826 1647 847 1668 »
870 1629 1155 1688 Quanquam
1184 1634 1340 1670 autem
1370 1625 1472 1671 talis
1504 1642 1672 1689 pugnae

267 1710 389 1757 illius
419 1717 464 1754 et
495 1706 608 1752 dicti
643 1704 865 1751 Warviclz,
899 1703 1045 1748 exitus
1077 1711 1218 1764 atque
1248 1701 1355 1747 finis
1385 1702 1525 1748 rebus
1551 1706 1673 1749 Hen-

266 1787 368 1844 rici,
413 1786 493 1848 qui
524 1784 621 1845 jam
660 1783 732 1843 (ut
771 1779 994 1842 diximus)
1031 1781 1079 1824 in
1116 1779 1432 1843 captivitatem
1466 1779 1672 1826 reclusus

269 1864 427 1909 denuo
454 1870 570 1917 erat,
596 1860 823 1904 infaustus
845 1874 942 1902 non
962 1873 1129 1920 parum
1149 1856 1286 1901 fuerit
1311 1875 1319 1901 :
1348 1856 1445 1919 qui,
1464 1858 1501 1902 si
1524 1857 1674 1902 victor

271 1942 368 2004 ipse
393 1937 613 1984 I‘Varwz'cle
635 1937 870 1992 evasisset,
897 1950 1085 1997 sperare
1108 1943 1291 1997 poterat
1315 1951 1451 1997 posse
1473 1934 1597 1979 illico
1626 1951 1673 1980 se

273 2017 540 2079 captivitate
573 2014 753 2060 absolxi
794 2022 840 2058 et
871 2012 1020 2075 eripi3
1048 2013 1292 2057 luctuosus
1323 2022 1480 2057 tamen
1515 2010 1675 2073 hujus-

275 2094 405 2139 modi
454 2093 698 2139 infortunii
750 2100 946 2136 ex‘entus
985 2099 1242 2152 utcumque
1289 2089 1427 2135 solari
1460 2098 1671 2152 poterat,

274 2171 404 2235 quod
430 2171 488 2216 de
512 2171 590 2215 illo
618 2169 913 2232 iniquissimo
936 2167 1182 2231 proditore
1206 2183 1254 2211 se
1291 2165 1442 2211 ultum
1467 2165 1672 2225 videbat,

274 2252 355 2314 qui
384 2267 476 2295 sua*
497 2251 638 2295 totius
663 2249 941 2295 calamitatis
965 2257 1011 2293 et
1044 2247 1318 2309 dejectionis
1350 2256 1513 2292 auctor
1536 2256 1677 2309 atque

277 2329 493 2374 incentor
535 2327 796 2371 exstitisset.
856 2325 947 2371 Sed
992 2342 1088 2370 non
1130 2334 1322 2370 eatenus
1366 2340 1450 2369 sua
1489 2324 1677 2370 fortuna

275 2404 548 2467 conquievit
584 2413 661 2449 aut
686 2404 905 2448 aerumnis
937 2403 1159 2466 imposuit
1192 2401 1364 2457 finem3
1400 2417 1511 2447 nam
1534 2401 1675 2465 paulo

277 2492 406 2544 post,
455 2481 594 2542 longe
623 2490 665 2525 et
708 2482 892 2540 gravior
918 2479 1314 2541 infelicissimique
1346 2480 1538 2524 materia
1570 2495 1678 2540 pro-

280 2559 406 2603 venit
431 2556 598 2602 luctus.
