1923 3020
287 223 361 259 368
649 222 945 259 HISTORIAR'U
951 223 988 257 M
1016 222 1250 259 LUDOVICI
1278 224 1333 258 XI

283 327 372 356 nus
396 311 514 371 regis
539 308 723 354 tradere
757 317 1009 354 teneretur.
1043 311 1304 372 Expaverat
1341 318 1495 355 autem
1531 325 1690 356 comes

282 382 380 444 ipse
419 380 649 437 nimium,
691 379 877 438 videns,
905 381 1103 425 omnino
1140 397 1272 426 secus
1305 397 1358 426 ac
1393 391 1686 445 speraverat,

282 466 464 517 treugas
481 464 526 500 et
544 456 774 501 amicitias
791 455 1154 519 quodammodo
1174 457 1294 503 inter
1311 474 1442 520 reges
1463 458 1686 521 primum,

279 532 451 578 deinde
474 533 614 578 etiam
639 534 760 579 inter
781 537 1072 579 Francorum
1098 550 1256 596 regem
1280 545 1328 581 et
1350 534 1519 580 ducem
1544 535 1692 581 foede-

279 619 398 655 ratas
420 628 431 668 ;
459 609 588 655 unde
615 610 817 674 amplius
842 610 1017 673 aliquid
1035 611 1094 656 (le
1119 612 1266 673 gratia
1283 611 1444 669 ducis,
1469 612 1690 675 quamde

278 687 424 749 regis,
447 687 681 746 confisus,
710 705 853 751 quem
875 688 1035 733 dirum
1063 698 1202 750 atque
1227 699 1406 734 trucem
1434 689 1491 734 ad
1515 706 1565 735 se
1588 690 1690 735 ani-

277 780 409 810 mum
435 781 594 827 gerere
620 782 719 811 non
744 765 1005 824 nesciebat,
1034 765 1206 812 relictis
1231 766 1435 829 propriis
1465 765 1685 825 aedibus¹,

276 858 394 904 quas
428 841 536 888 licet
567 843 938 901 munitissimas,
974 843 1154 888 clausas
1184 853 1230 888 et
1266 843 1457 889 vallatas
1478 843 1564 906 [in]
1594 844 1690 889 do—

276 919 425 964 minio
456 920 578 982 regis
608 929 840 979 tenuerat,
871 919 931 965 ad
959 920 1191 983 oppidum
1223 922 1470 966 Montense
1494 923 1687 965 Hanno-

276 995 531 1057 niae²sese,
555 996 760 1059 praesidii
781 1012 940 1055 causa,
965 996 1258 1055 contulerat;
1285 1007 1331 1042 et
1350 1014 1435 1056 6ο,
1464 1007 1688 1058 tanquam

275 1072 335 1118 ad
365 1089 474 1119 eum
495 1108 507 1132 ,
542 1090 683 1136 quem
712 1073 798 1118 sibi
824 1082 976 1120 tutum
1003 1074 1279 1131 aestimaret,
1307 1073 1468 1118 locum
1487 1110 1497 1130 ,
1523 1074 1688 1118 confu-

276 1160 420 1211 gerat.

343 1227 592 1273 Perficiens
628 1227 767 1289 igitur
801 1226 896 1271 dux
931 1225 1064 1289 quod
1091 1226 1165 1272 vel
1188 1226 1310 1289 ipse,
1348 1225 1423 1272 vel
1456 1226 1525 1271 sui
1551 1225 1688 1288 legati

275 1304 334 1350 de
357 1322 412 1349 eo
438 1304 776 1369 promiserant,
801 1304 955 1366 ipsum
984 1304 1134 1349 teneri
1159 1304 1382 1349 comitem
1407 1313 1452 1349 et
1474 1303 1535 1348 ad
1558 1320 1688 1350 com-

276 1381 441 1427 missos
466 1398 549 1444 per
574 1396 730 1441 regem
758 1379 930 1425 deduci
957 1390 1001 1426 et
1023 1380 1212 1426 liberari
1237 1380 1380 1426 secitss.
1410 1379 1552 1436 Quod
1576 1380 1689 1426 saci-

275 1459 363 1503 lius
400 1458 458 1504 al)
488 1476 544 1504 eo
586 1474 744 1519 regem
787 1457 1049 1503 obtinuisse
1083 1458 1338 1516 ferebatur,
1383 1457 1514 1521 quod
1547 1458 1687 1503 etiam

275 1535 396 1597 ipse,
414 1545 577 1580 contra
594 1544 884 1580 sacramenta
899 1543 943 1579 et
964 1535 1130 1598 saepius
1147 1535 1398 1598 praestitam
1418 1534 1506 1579 sibi
1524 1533 1683 1592 fidem,

275 1611 421 1657 multa
454 1611 632 1675 perfide
668 1621 713 1657 et
752 1611 915 1657 dolose
950 1621 1116 1657 contra
1159 1628 1206 1657 se
1242 1612 1612 1676 praesumpsisset
1643 1623 1687 1657 et

275 1688 480 1748 fecisset,
508 1705 782 1752 quanquam
819 1689 877 1735 al)
908 1706 964 1735 eo
985 1727 995 1746 ,
1032 1699 1082 1734 ut
1113 1689 1199 1735 sibi
1239 1691 1454 1748 serviret,
1483 1707 1581 1736 non
1608 1690 1686 1735 vili

273 1773 317 1809 et
340 1781 488 1827 parvo
511 1764 786 1810 aestimanda
810 1765 930 1828 stipe
956 1766 1213 1827 quotannis
1238 1765 1397 1811 suisset
1420 1764 1685 1811 clanculum

272 1840 551 1887 honoratus.

339 1919 430 1964 Sed
456 1929 524 1979 et,
552 1927 603 1964 ut
638 1936 725 1964 suo
752 1919 810 1965 de
835 1936 890 1965 eo
927 1918 1163 1964 desiderio
1186 1935 1263 1964 rex
1288 1918 1550 1964 satisfacere
1576 1935 1684 1982 pos-

274 2006 365 2054 set,
394 1997 627 2042 concessit
660 1996 795 2059 plura
828 2006 874 2041 et
899 1995 1096 2058 grandia
1132 1995 1520 2057 Burgundionum
1545 1994 1679 2053 duci,

275 2072 333 2117 de
357 2090 451 2135 quo
469 2073 659 2137 plurimi
679 2072 894 2118 admirati
915 2074 1119 2118 fuerunt.
1141 2072 1382 2118 Concessit
1401 2071 1577 2134 quippe
1603 2088 1685 2134 op-

274 2148 440 2212 pidum
475 2151 900 2208 Sancti-Quintini,
930 2153 968 2196 V
974 2149 1248 2196 iromandiae
1271 2158 1436 2212 caput,
1466 2164 1574 2194 cum
1606 2164 1683 2194 ca-

328 2301 365 2338 1.
396 2302 448 2336 Le
472 2298 631 2336 chateau
651 2299 698 2337 de
719 2303 831 2338 Ham.

328 2360 366 2395 2.
398 2361 508 2395 Mons
529 2371 576 2394 en
596 2359 774 2397 liainaut.

328 2420 365 2454 3.
397 2417 563 2467 Puisque
583 2418 745 2455 l’auteur
768 2419 980 2469 s’appiique
1000 2418 1093 2457 dans
1108 2432 1150 2456 ce
1169 2417 1342 2469 chapitre
1363 2419 1382 2454 a
1401 2417 1493 2455 faire
1511 2415 1684 2454 ressortir

273 2476 442 2514 l'odieux
466 2476 513 2513 dc
536 2477 570 2513 la
589 2477 767 2514 conduitc
795 2478 847 2515 du
866 2479 940 2516 duc
960 2479 1006 2516 de
1026 2481 1270 2530 Bourgognc,
1293 2491 1342 2514 on
1365 2490 1507 2528 pourra
1530 2485 1683 2514 trouver

274 2536 456 2588 singulier
484 2536 577 2585 qu’il
602 2549 649 2572 ne
675 2536 779 2585 pai-lc
807 2551 872 2587 pas
893 2538 943 2574 <lu
968 2537 1228 2575 saus-conduit
1247 2550 1311 2573 sur
1341 2536 1376 2573 la
1402 2536 1453 2573 foi
1476 2535 1615 2585 duquel
1647 2534 1681 2571 le

271 2605 395 2633 comte
415 2595 462 2632 (le
481 2596 672 2633 Saint-Pol
699 2596 911 2634 s'aventura
939 2600 958 2634 a
979 2611 1122 2648 gagnei·
1146 2600 1268 2635 Mons.
1293 2596 1385 2633 Mais
1411 2596 1435 2632 il
1456 2608 1504 2632 ne
1530 2596 1682 2631 rcserve

273 2663 369 2692 cette
389 2655 645 2692 circonstance
660 2668 733 2704 que
751 2669 847 2706 pour
867 2670 889 2704 y
912 2657 1063 2693 rcvcuir
1082 2657 1166 2706 plus
1185 2656 1268 2694 tard
1282 2668 1375 2692 avec
1393 2667 1468 2691 une
1481 2653 1680 2691 insistance

276 2722 377 2752 toute
396 2713 650 2764 particuliere.
671 2714 861 2765 Ci-aprcs,
878 2728 910 2751 e.
934 2728 986 2753 tv.
