1923 3020
751 258 895 294 LIBER
924 257 1120 292 PRIMUS.
1586 252 1632 285 27

241 348 385 392 vitum
425 363 532 391 eum
571 345 787 390 secedere
826 344 995 404 coegit.
1041 340 1301 386 Dominum
1351 342 1538 384 Petrum
1578 337 1637 384 de

239 424 400 479 Brezi,
447 421 755 468 senescallum
803 435 1027 480 magnum
1070 415 1369 462 Normanniae
1387 452 1397 469 ‚
1439 414 1637 461 alterum

239 499 378 544 etiam
416 496 773 558 quodammodo
802 493 1101 540 Normanniae
1124 508 1177 538 ex
1206 491 1462 552 Anglorum
1495 506 1635 536 manu

239 583 635 636 recuperatorem,
663 574 740 635 qui
761 609 770 628 ‚
795 581 899 636 post
922 571 1070 616 varias
1092 570 1222 630 sugas
1253 579 1393 631 atque
1415 567 1633 626 latebras,

239 649 597 711 quodammodo
646 651 690 693 in
732 649 926 709 gratiam
962 647 1061 707 ejus
1100 662 1146 690 se
1182 645 1369 690 rediisse
1412 644 1634 707 putabat,

240 725 510 771 senescallia
540 736 584 770 et
610 726 785 770 militiae
816 733 1004 769 centum
1040 722 1308 767 lancearum
1341 721 1514 766 ducatu
1547 719 1640 782 pri·

241 811 422 856 vatum,
452 801 538 846 sub
565 801 762 846 obtentu
786 798 963 845 serendi
978 797 1202 843 auxilium
1224 798 1442 854 Henrico,
1465 795 1636 858 Anglo-

240 893 344 923 rum
375 879 496 939 regi,
524 878 602 940 qui
630 879 676 922 in
703 877 908 922 Scotiam
931 891 1079 936 regno
1113 874 1273 936 pulsus
1305 873 1564 935 aufugerat,
1591 872 1637 917 in

239 954 445 999 Scotiam
468 954 765 999 transfretare
786 953 953 1014 coegit.
977 949 1306 1010 Omnibusque
1325 948 1469 993 ferme
1487 957 1639 1010 pater-

239 1047 309 1075 nae
330 1030 501 1075 militiae
525 1030 726 1075 ducibus
744 1028 897 1073 officia
912 1037 956 1073 et
971 1042 1194 1071 numeros
1210 1025 1411 1069 militum
1431 1023 1636 1082 abstulit,

240 1127 294 1156 ea
318 1111 416 1155 aliis
438 1111 755 1167 committens,
780 1110 860 1171 qui
885 1108 930 1153 in
958 1108 1022 1152 rei
1053 1105 1263 1150 militaris
1286 1104 1572 1167 experientia
1597 1114 1640 1149 et

241 1187 513 1232 strenuitate
551 1187 688 1247 longe
722 1188 925 1248 impares
955 1193 1137 1240 essent,
1165 1181 1571 1245 quemadmodum
1596 1191 1641 1227 et

241 1263 439 1325 ipsemet
464 1262 770 1326 postmodum
797 1262 1117 1324 experimento
1141 1259 1379 1323 probavit.

690 1489 1022 1533 CAPITULUM
1061 1489 1180 1532 VIII.

238 1625 381 1666 Qualem
407 1636 442 1656 se
459 1636 517 1656 rex
536 1622 579 1655 ad
600 1621 723 1655 ducem
743 1620 950 1667 Burgundiae
970 1621 1141 1663 exhibuit,
1167 1629 1349 1665 antequam
1369 1632 1409 1652 ex
1436 1618 1572 1651 Parisiis
1598 1616 1642 1649 ad

284 1677 428 1722 propria
446 1676 570 1710 rediret
588 1690 594 1715 3
621 1684 651 1708 et
671 1674 713 1707 de
734 1675 966 1720 promissione
991 1674 1144 1720 ejusdem
1171 1675 1258 1720 regis
1280 1673 1323 1707 de
1351 1671 1565 1706 sublevando
1584 1683 1639 1704 re—

285 1743 391 1775 gnum
408 1731 451 1763 ab
468 1742 572 1762 onere
588 1728 758 1761 talliarum
773 1737 805 1761 et
820 1729 964 1761 aliarum
982 1727 1215 1761 exactionum.

304 1854 421 1895 Cum
443 1860 599 1896 autem
623 1850 778 1896 adhuc
798 1849 981 1894 Parisiis
1006 1857 1124 1894 esset
1146 1864 1253 1892 cum
1276 1863 1332 1891 eo
1353 1843 1643 1906 Burgundio-

241 1944 355 1973 num
379 1927 491 1985 dux,
516 1944 624 1971 cum
649 1926 821 1971 comite
845 1925 903 1970 de
929 1924 1187 1978 Char-omis,
1210 1923 1308 1984 ejus
1335 1921 1449 1978 filio,
1469 1930 1514 1965 et
1536 1936 1643 1984 pro-

241 2001 424 2047 ceribus
450 2002 562 2058 suis,
590 2003 745 2064 ipsum
776 2016 863 2064 pro
886 1999 1128 2045 nonnullis
1148 1998 1314 2044 officiis
1338 2007 1477 2059 atque
1501 1995 1641 2041 rebus

241 2080 371 2141 regni
424 2078 815 2140 gubernationem
860 2075 1254 2122 concernentibus
1298 2073 1476 2136 rogavit
1499 2092 1509 2131 3
1559 2072 1639 2117 sed

243 2156 359 2200 nibil
391 2172 574 2211 eorum,
604 2171 690 2218 pro
716 2153 888 2216 quibus
916 2161 1175 2214 rogaverat,
1208 2151 1488 2214 impetravit.
1519 2152 1642 2194 Inter

241 2241 406 2277 caetera
431 2231 554 2276 fama
575 2230 837 2294 percrebuit
853 2228 1001 2292 quod,
1021 2244 1107 2291 pro
1131 2226 1420 2272 sublevando
1446 2241 1639 2287 regnum

243 2324 386 2354 onere
408 2308 580 2353 militiae
608 2317 651 2351 et
677 2306 977 2363 tributorum,
1010 2305 1051 2350 ei
1077 2321 1237 2368 preces
1257 2303 1640 2348 affectuosissime

245 2385 447 2441 fecisset;
483 2384 563 2429 sed
590 2401 675 2428 nec
708 2384 752 2427 in
778 2382 896 2440 hoc,
924 2382 1071 2426 necin
1104 2381 1224 2440 aliis⁷
1266 2379 1511 2426 exauditus
1537 2379 1635 2423 fuit.

246 2463 527 2507 promiserat
552 2478 652 2518 rex,
676 2459 790 2505 dum
813 2459 967 2505 adhuc
990 2459 1035 2503 in
1060 2459 1192 2504 terris
1218 2459 1359 2520 ipsius
1381 2457 1512 2502 ducis
1528 2459 1639 2499 Bur-

242 2620 316 2657 que
341 2605 662 2656 Philippe-Marie
677 2637 686 2652 ‚
710 2604 782 2642 duc
802 2604 848 2641 de
869 2603 1006 2651 Milan,
1037 2605 1100 2641 eut
1121 2604 1230 2642 laisse
1253 2619 1301 2642 au
1328 2604 1401 2641 duc
1425 2603 1635 2646 ‹I'Orleans,

241 2679 308 2703 son
329 2678 466 2702 neven.
491 2667 562 2701 Sur
582 2673 677 2701 cette
697 2664 847 2708 affaire,
862 2676 951 2715 voy.
971 2677 1014 2700 ce
1033 2677 1106 2713 que
1126 2664 1288 2702 l'auteur
1305 2664 1358 2700 dit
1378 2663 1461 2713 plus
1482 2662 1573 2706 loin,
1591 2674 1637 2698 au

242 2724 351 2774 chap.
376 2737 445 2759 ΧΠ.
