1923 3020
774 235 917 270 LIBER
944 234 1167 280 QUINTUS.
1595 236 1663 271 4221

278 320 521 368 fidendum
552 321 803 378 sentiebat,
838 336 984 366 manu
1015 319 1168 366 valida
1197 319 1424 376 militum,
1459 320 1562 382 qui,
1598 322 1669 366 in-

277 406 470 460 gruente
484 398 773 456 necessitate,
790 396 875 442 sibi
891 396 993 442 usui
1011 396 1217 454 fuissent,
1239 396 1473 441 munitum
1490 412 1672 443 servare

277 491 330 521 ac
350 484 522 520 tenere.
548 473 705 531 Quod,
727 473 892 537 procul
909 472 1075 530 dubio,
1099 474 1243 518 instar
1261 475 1398 534 regis,
1421 473 1527 519 satis
1546 490 1673 519 corn-

278 551 416 596 mode
438 560 484 595 et
506 566 616 596 cum
638 551 791 614 parvis
814 548 1057 612 stipendiis
1079 558 1263 611 poterat
1286 549 1493 608 efficere,
1519 566 1600 595 eos
1624 550 1672 594 in

276 627 368 672 suis
391 625 610 671 domibus
628 625 874 671 retinendo
894 635 936 670 et
953 625 1120 687 saepius
1138 641 1222 687 per
1240 625 1417 686 legatos
1437 625 1597 672 fideles
1614 625 1674 671 de

277 703 340 748 eis
374 703 628 748 revisiones
665 711 710 747 et
745 702 1082 747 ostentationes
1119 699 1218 745 fieri
1259 701 1492 747 faciendo.
1531 701 1675 747 Nobis

275 778 401 824 enim
435 795 620 842 semper
651 777 889 824 laudanda
925 786 970 823 et
1004 776 1330 839 amplectenda
1368 778 1466 823 visa
1500 788 1568 823 est
1601 777 1676 823 illa

276 854 544 916 gravissima
571 854 812 899 Ciceronis
840 853 1095 910 sententia,
1132 872 1153 895 «
1185 868 1400 911 omnem,
1432 853 1672 914 videlicet,

275 932 401 993 pacis
424 931 764 989 conditionem,
792 931 1006 993 quamvis
1031 931 1259 993 iniquam,
1287 930 1410 976 civili
1432 930 1559 977 bello
1579 948 1677 977 esse

275 1007 674 1071 anteponendam.
700 1026 722 1050 »
751 1010 859 1053 Erat
887 1017 1046 1053 autern
1077 1007 1200 1053 inter
1230 1024 1390 1070 regem
1419 1017 1464 1053 et
1495 1009 1673 1071 ipsum,

275 1102 373 1131 non
390 1085 536 1130 modo
557 1085 707 1143 civile,
733 1085 815 1131 sed
835 1101 1110 1148 germanum
1133 1085 1275 1130 etiam
1296 1095 1341 1130 et
1363 1085 1677 1131 domesticum

274 1160 475 1219 bellum,
513 1163 594 1225 qui
627 1161 768 1207 ambo
809 1160 868 1206 de
901 1161 1071 1206 eodem
1111 1161 1265 1225 stipite
1304 1161 1469 1224 regalis
1507 1161 1678 1208 domus

275 1240 562 1284 Francorum
582 1238 940 1284 descenderant.
964 1238 1206 1284 Habuerat
1225 1247 1382 1284 autem
1403 1247 1448 1284 et
1467 1238 1561 1283 dux
1580 1239 1679 1302 ipse

275 1314 482 1377 priorem
521 1331 770 1378 sponsam,
809 1331 1021 1360 sororem
1056 1315 1177 1377 regis
1212 1317 1546 1372 Francorum¹,
1579 1325 1677 1361 esto

275 1391 405 1453 quod
431 1388 778 1455 spolisaliorum
807 1402 1020 1455 tempore
1047 1391 1340 1451 decessisset,
1373 1392 1676 1438 matrimonio

275 1467 491 1514 nondum
513 1477 842 1514 consummato
856 1471 883 1512 ².

338 1545 520 1590 Scimus
548 1544 740 1607 quidem
769 1543 956 1590 difficile
988 1544 1086 1589 fore
1115 1544 1300 1590 animos
1326 1544 1578 1589 hominum
1606 1544 1678 1588 in-

276 1621 398 1668 flecti
427 1621 487 1667 ad
513 1620 848 1685 paciscendum
876 1631 1015 1684 atque
1044 1621 1172 1685 pacis
1205 1620 1381 1667 foedera
1413 1619 1678 1667 feriendum

275 1715 384 1745 cum
400 1698 495 1757 tali,
519 1699 599 1761 qui
615 1699 794 1744 nemini
813 1698 956 1744 fidem
977 1713 1132 1759 neque
1148 1707 1511 1756 sacramentum,
1534 1713 1680 1759 quan-

276 1776 445 1822 tumvis
475 1786 708 1822 sacratum
731 1792 814 1822 seu
837 1792 1135 1838 quacumque
1167 1776 1391 1839 religione
1420 1776 1673 1831 sancitum,

277 1852 527 1898 observare
548 1868 602 1898 ac
630 1861 790 1898 tenere
810 1853 1130 1912 consueverit,
1163 1853 1330 1916 qualis,
1361 1852 1484 1916 proh
1512 1849 1671 1897 dolor!

276 1929 685 1976 christianissimus
700 1932 988 1976 Francorum
1004 1946 1086 1975 rex
1102 1928 1183 1991 huj
1191 1947 1243 1975 us
1263 1929 1507 1993 temporiS,
1528 1927 1680 1974 Ludo-

276 2007 428 2063 vicus,
465 2005 592 2069 apud
624 2022 789 2051 omnes
817 2022 949 2070 paene
981 2005 1226 2063 mortales,
1263 2005 1434 2068 quibus
1466 2005 1680 2067 cognitus

277 2092 396 2140 erat,
423 2082 641 2127 exsistere
666 2082 788 2127 fama
803 2080 1054 2127 ferebatur.
1077 2081 1260 2126 Scimus
1284 2082 1411 2127 enirn
1429 2097 1456 2128 a
1472 2081 1681 2144 sapiente

278 2158 325 2202 in
348 2158 669 2204 Ecclesiastico
691 2168 976 2222 praeceptum
996 2157 1245 2204 salubriter
1266 2177 1275 2204 ε
1303 2177 1325 2202 κ
1347 2161 1451 2204 Non
1469 2157 1681 2204 confidas

278 2235 468 2281 inimico
493 2245 573 2281 tuo
597 2237 645 2281 in
669 2245 912 2282 aeternum.
944 2256 966 2279 »
1001 2236 1093 2282 Sed
1120 2236 1193 2281 his
1228 2253 1326 2282 non
1361 2236 1679 2294 obstantibus,

278 2311 511 2357 credimus
531 2313 680 2358 multo
701 2313 839 2359 fuisse
857 2313 1116 2359 consultius
1134 2329 1242 2358 cum
1265 2315 1366 2378 ipso
1384 2330 1513 2377 rege,
1535 2330 1684 2376 quan-

281 2397 375 2433 tam
396 2386 570 2434 habere
594 2388 791 2435 solidam
815 2389 1065 2452 potuisset,
1094 2389 1265 2435 ducem
1289 2389 1683 2453 Burgundionum

333 2535 370 2569 1.
402 2533 602 2571 Catherine
624 2533 671 2571 de
696 2537 854 2583 Franco,
879 2536 1069 2573 troisieme
1088 2536 1164 2574 fille
1185 2536 1232 2574 de
1251 2536 1407 2574 Charles
1427 2537 1510 2573 VII.

333 2594 371 2629 2.
403 2592 616 2640 Catherine,
633 2593 698 2642 qui
714 2595 815 2631 avait
828 2594 886 2632 cte
902 2595 1042 2632 fiancee
1057 2608 1104 2632 en
1121 2596 1222 2633 1438
1234 2624 1243 2641 ,
1260 2603 1413 2631 mourut
1433 2596 1453 2630 a
1472 2593 1683 2641 Bruxelles,

280 2665 327 2688 en
358 2653 459 2688 1446
472 2681 481 2698 ,
509 2651 603 2688 dans
633 2665 673 2689 sa
707 2652 970 2691 dix-huitieme
1001 2653 1121 2691 annee
1136 2683 1146 2701 ,
1178 2652 1332 2704 lorsque
1367 2653 1521 2691 Charles
1545 2653 1686 2690 n’avait

279 2723 415 2747 encore
434 2723 508 2760 que
527 2718 638 2747 trelze
655 2723 735 2747 ans.
