1923 3020
682 250 826 284 LIBER
859 248 1123 285 SECUNDUS.
1526 245 1599 280 177

205 338 462 400 compleret
481 337 623 395 diem,
645 354 691 381 se
710 335 878 381 devehi
901 335 1023 380 fecit.
1048 336 1153 390 Quo
1175 333 1300 390 loco,
1323 331 1602 379 adveniente

204 424 378 469 avstate,
418 415 580 478 plenus
610 414 794 460 dicrum
824 430 877 458 ex
907 413 995 458 hac
1025 411 1228 457 instabili
1257 411 1358 456 luce
1388 410 1601 472 migravit

203 491 262 536 ad
295 492 554 536 Dominum
568 495 593 547 ¹,
633 492 790 537 multis
821 490 1027 554 profecto
1061 489 1264 535 heroicis
1298 504 1352 534 ac
1387 486 1600 533 civilibus

204 565 450 612 virtutibus
470 567 640 625 clarus,
667 578 728 624 et,
750 584 834 612 suo
858 583 974 623 aevo,
1000 582 1094 628 prae
1114 564 1288 610 caeteris
1312 564 1456 609 ferme
1480 563 1602 609 occi-

202 642 354 688 dentis
393 642 683 707 principibus
720 642 1031 701 felicissimus,
1059 651 1103 686 et
1128 641 1222 687 suis
1247 640 1600 687 amatissimus².

646 907 979 951 CAPITULUM
1020 907 1141 949 XIX.

193 1054 384 1097 Quomodo
405 1055 618 1087 Francorum
640 1066 699 1086 rex
722 1052 883 1087 comitem
906 1051 948 1084 de
968 1051 1121 1085 {Vm-vicli
1137 1050 1232 1096 apud
1259 1053 1516 1100 Rothomagum
1540 1069 1600 1089 ac-

241 1109 395 1149 cersivit3
416 1110 514 1153 cujus
541 1108 752 1151 interventu,
774 1120 836 1153 per
854 1108 981 1152 legatos
1004 1118 1092 1151 quos
1116 1118 1229 1140 secum
1256 1107 1290 1140 in
1310 1109 1469 1155 Angliam
1492 1111 1592 1152 misit,

239 1162 349 1196 foedus
365 1175 444 1195 cum
464 1163 654 1208 Anglorum
671 1174 749 1206 rege
768 1161 866 1207 petiit
883 1172 946 1193 nec
964 1159 1125 1193 obtinuit.

254 1295 398 1339 Porro
425 1293 547 1351 licet,
570 1293 635 1337 uti
657 1292 876 1348 diximus,
898 1291 1050 1337 nullos
1076 1302 1188 1338 tunc
1213 1293 1404 1340 bellicos
1433 1307 1590 1344 motus

192 1374 479 1416 Francorum
504 1385 583 1414 rex
607 1368 856 1413 adversum
886 1368 1240 1429 Burgundiones
1264 1369 1476 1434 aliosque
1502 1374 1589 1419 sihi

186 1447 411 1492 adversos
438 1445 566 1508 [nisi]
595 1446 759 1490 frustra
786 1454 831 1489 et
857 1443 1158 1490 inefficaciter
1181 1446 1470 1507 intentasset,
1492 1468 1589 1497 non

186 1533 343 1568 tamen
371 1522 562 1568 feriabat
588 1522 724 1584 quin,
754 1521 813 1566 ad
842 1536 924 1567 eos
954 1521 1241 1584 subigendos
1271 1540 1415 1587 seque
1437 1528 1496 1574 de
1522 1531 1587 1575 eis

185 1599 526 1657 ulciscendum,
549 1598 702 1661 qualia
733 1608 889 1662 posset
917 1598 1124 1661 undique
1143 1602 1443 1662 conquireret
1461 1609 1588 1652 auxi-

183 1675 258 1734 lia,
276 1676 545 1737 jaceretque
566 1675 887 1721 fundamenta.
914 1679 963 1720 Et
982 1676 1106 1738 quia,
1135 1676 1194 1722 ad
1213 1680 1584 1740 aggrediendum

184 1753 460 1815 ssurgundiae
500 1762 638 1814 atque
672 1753 916 1797 Britanniae
944 1752 1087 1798 duces
1123 1770 1358 1817 suumque
1392 1775 1584 1818 germa—

182 1845 319 1885 num,
352 1829 606 1891 Anglorum
631 1838 780 1874 metus
804 1845 933 1886 eum⁷
960 1845 1020 1873 ne
1042 1829 1089 1873 id
1116 1829 1304 1888 faceret,
1330 1834 1583 1884 cohibebat

180 1906 527 1968 ancipitemque
552 1905 802 1964 reddebat,
827 1921 991 1951 omnes
1008 1906 1183 1966 ingenii
1205 1909 1273 1952 sui
1298 1910 1421 1956 vires
1440 1923 1581 1960 artes-

178 2000 269 2045 que
302 1985 556 2041 contraxit,
592 1994 643 2029 ut
680 2000 835 2044 regem
874 1984 1128 2044 Anglorum
1165 1984 1458 2045 Edoardum,
1499 1994 1578 2054 qui

179 2069 277 2105 tum
302 2060 494 2123 pacifice
518 2077 663 2122 regno
686 2060 971 2123 potiebatur,
998 2060 1086 2105 sibi
1110 2061 1383 2109 foederando
1404 2075 1448 2110 et
1467 2083 1579 2113 con-

175 2137 379 2183 ciliando
416 2139 462 2182 in
489 2137 740 2182 amicitiam
774 2136 974 2182 traheret
1004 2136 1387 2202 abstraheretque
1410 2143 1469 2188 ab
1492 2146 1574 2192 ad-

170 2312 264 2349 aller
284 2311 331 2349 de
357 2311 551 2348 Bruxelles
577 2312 597 2346 Ξι
622 2309 752 2355 Gand,
779 2309 939 2360 pilisque
967 2310 1125 2348 Malines
1154 2312 1276 2349 aurait
1306 2315 1488 2355 necessit&
1519 2334 1569 2358 un

170 2372 305 2408 dctour
325 2384 389 2408 sur
408 2371 443 2408 la
467 2370 627 2422 gauche,
650 2378 685 2406 ct
704 2383 778 2419 quc
799 2370 832 2406 le
854 2370 961 2415 trajct
983 2370 1101 2407 direct
1121 2383 1192 2420 par
1211 2385 1283 2409 eau
1304 2383 1359 2410 est
1379 2378 1479 2414 trace
1504 2393 1572 2430 par

171 2431 204 2467 le
231 2443 343 2467 cours
371 2429 417 2466 de
452 2430 487 2466 la
519 2433 663 2476 Senne,
693 2428 739 2464 dc
761 2429 795 2464 la
828 2429 947 2466 thhe
978 2438 1013 2466 et
1042 2429 1088 2466 de
1112 2427 1287 2469 I’Escaut.
1322 2435 1501 2474 L'auteur
1532 2453 1570 2476 se

168 2497 315 2539 trompe
334 2488 621 2539 probablement
640 2501 686 2524 en
706 2496 764 2524 cet
784 2487 944 2533 endroit,
967 2502 1112 2526 comme
1133 2488 1157 2525 il
1182 2499 1236 2527 est
1256 2492 1398 2530 certain
1418 2507 1468 2544 qu
1478 2497 1508 2533 ’il
1530 2511 1569 2535 se

168 2557 316 2598 trompe
337 2562 385 2585 au
417 2547 513 2594 sujct
535 2546 581 2583 de
607 2546 642 2583 la
662 2546 836 2584 dernicre
867 2547 973 2598 ctape
1000 2547 1050 2585 du
1071 2547 1164 2599 duc,
1188 2549 1251 2599 qui
1274 2550 1330 2587 fut
1358 2555 1502 2606 Bruges
1531 2565 1567 2594 et

165 2620 242 2644 non
264 2621 330 2657 pas
350 2607 458 2645 Lille.

218 2670 256 2704 1.
288 2670 339 2704 Le
363 2667 509 2714 ⁴15juin
534 2668 647 2704 1467.

219 2728 256 2763 2.
288 2731 595 2774 Amcmstssimus,
617 2725 710 2763 dans
731 2726 765 2764 le
787 2740 856 2764 ms.

372 2813 407 2836 11
1310 2804 1358 2838 12
