1923 3020
215 320 290 354 420
574 310 908 350 HISTORIARUM
942 309 1174 345 LUDOVICI
1201 310 1255 344 XI

217 421 320 450 rare
352 402 593 466 potuisset.
622 400 797 441 Verum
832 395 956 458 ipse,
993 404 1044 439 ut
1078 411 1197 457 saepe
1231 410 1332 439 mos
1364 410 1460 439 6556
1494 393 1608 439 solet

219 477 532 544 principibUS,
562 488 647 518 suo
673 471 824 517 fidens
849 471 1007 516 sensui
1033 480 1079 516 et
1102 469 1324 529 consilio,
1355 479 1422 529 et,
1449 478 1613 515 contra

218 553 444 620 Sapientis
472 560 781 615 praeceptum,
811 566 905 595 suae
933 548 1072 593 nimis
1096 548 1300 593 innitens
1327 546 1610 610 prudentiae,

217 635 493 697 plerumque
511 628 691 690 rejectis
707 625 911 672 consiliis
925 627 1067 684 sanis,
1087 626 1160 671 vel
1174 641 1342 688 parum
1355 623 1612 688 perpensis,

215 728 269 757 ex
293 707 522 754 sententia
544 721 627 751 sua
649 704 878 767 quidnam
900 702 1001 748 sieri
1024 700 1162 748 vellet
1182 701 1480 747 decernebat.
1502 703 1617 757 Quae

215 803 285 832 res
309 784 520 848 profecto
541 781 759 827 ultimum
780 780 867 826 sibi
889 778 1044 825 intulit
1067 778 1278 824 exitium.
1306 782 1422 824 Nam
1440 778 1476 823 si
1495 777 1617 823 sanis

214 860 521 924 acquievisset
552 856 785 915 consiliis,
822 857 949 921 pacis
983 855 1158 902 foedera
1189 872 1298 901 cum
1331 858 1617 900 Francorum

217 954 322 999 rege
347 945 445 981 toto
470 934 724 998 quaesiisset
749 934 935 979 annisu.
972 932 1039 978 Ad
1067 949 1170 995 quae
1200 933 1237 977 si
1264 931 1491 995 potuisset
1513 947 1619 995 per-

215 1014 392 1072 venire,
418 1023 470 1058 ut
492 1011 723 1076 putabant
746 1011 869 1057 factu
890 1010 1019 1056 facile
1039 1010 1288 1073 sapienteS,
1313 1027 1410 1055 non
1433 1025 1621 1056 necesse

219 1092 454 1138 habuisset
490 1099 559 1135 tot
593 1106 640 1134 56
678 1087 920 1134 involvere
952 1086 1337 1151 perplexitatibus
1375 1097 1474 1132 tum
1515 1102 1620 1148 erga

216 1169 418 1226 vicinos,
446 1177 547 1212 tum
570 1181 678 1227 erga
700 1164 915 1210 subditos
941 1180 1072 1221 suos,
1102 1163 1182 1225 qui
1206 1162 1265 1208 ab
1288 1163 1390 1225 ipso
1412 1178 1466 1208 ea
1488 1178 1623 1209 0663»

217 1246 349 1291 sione
376 1242 659 1307 gravissimis
684 1239 989 1301 vectigalibus
1017 1249 1062 1285 et
1086 1238 1419 1284 collationibus
1441 1255 1626 1302 preme-

219 1323 407 1368 bantur.
432 1323 489 1365 Et
507 1319 616 1364 licet
634 1318 747 1363 bina
769 1326 849 1363 aut
873 1317 995 1362 trina
1014 1316 1140 1380 pacis
1160 1316 1283 1361 initae
1308 1315 1484 1362 foedera
1506 1316 1627 1361 inter

219 1400 363 1462 ipsos,
382 1397 596 1443 maximis
616 1394 839 1441 roborata
854 1393 1175 1453 sacramentis,
1195 1409 1275 1438 rex
1288 1393 1396 1439 satis
1413 1392 1629 1455 nequiter

222 1474 482 1538 abrupisset
499 1483 544 1518 et
562 1471 781 1517 violasset
802 1470 1023 1533 (maxime
1042 1469 1104 1515 ob
1124 1479 1267 1515 terras
1284 1487 1472 1517 coronae
1491 1473 1629 1515 Fran-

224 1569 391 1597 corum
414 1559 675 1614 spectantes
698 1548 758 1594 ab
781 1548 1001 1611 antiquo,
1031 1564 1147 1611 quas
1172 1557 1268 1593 tam
1293 1548 1391 1611 ipse
1418 1551 1625 1610 Burgun-

223 1628 421 1673 dionum
437 1627 531 1672 dux
549 1642 692 1687 quani
708 1634 839 1688 pater
857 1641 967 1670 suus
984 1623 1269 1687 paciscendo
1289 1623 1625 1686 acceperant1),

226 1714 570 1768 proptereaque
591 1702 799 1747 haesitare
820 1710 1003 1765 poterat
1020 1702 1124 1763 jure
1144 1710 1189 1746 et
1212 1700 1426 1747 diffidere
1449 1700 1508 1746 de
1531 1700 1631 1763 qui-

226 1781 408 1843 busque
438 1778 834 1843 promissionibus
862 1778 1002 1841 regiS,
1035 1778 1191 1823 minus
1222 1787 1379 1823 tamen
1407 1778 1450 1823 ei
1481 1793 1632 1823 nocu-

228 1858 373 1903 menti
401 1867 541 1920 atque
571 1855 1020 1919 impedimentorum
1046 1855 1365 1917 importasset,
1396 1871 1503 1900 cum
1529 1855 1632 1917 ipso

230 1952 337 1998 rege
361 1951 526 1999 pacem
555 1934 808 1980 conciliare
839 1934 958 1995 (esto
985 1933 1127 1978 etiam
1155 1932 1286 1995 quod
1313 1942 1444 1978 terrae
1470 1931 1634 1995 hujus-

232 2011 385 2069 modi,
414 2012 474 2058 ad
497 2027 726 2057 coronam
752 2010 811 2055 ab
838 2010 1035 2072 antiquo
1062 2019 1348 2073 spectantes,
1378 2010 1421 2055 ei
1446 2019 1633 2055 contra-

232 2090 399 2135 dendac
435 2100 575 2153 atque
612 2088 911 2135 restituendae
938 2088 1185 2151 fuissent),
1218 2104 1360 2152 quam
1397 2097 1535 2134 tantae
1570 2088 1635 2134 rei

234 2167 421 2230 pondus
444 2178 488 2213 et
514 2169 711 2227 molem,
741 2166 878 2229 quale
903 2175 970 2211 est
994 2183 1104 2211 cum
1127 2176 1221 2211 tam
1248 2175 1440 2229 potente
1463 2175 1508 2211 et
1531 2165 1638 2211 fmi-

236 2243 352 2288 timo
376 2260 481 2306 rege
504 2244 679 2290 bellum
702 2260 881 2307 gerere,
906 2243 1000 2288 suis
1023 2242 1106 2288 diu
1128 2242 1336 2288 humeris
1358 2243 1601 2289 sustinere.

304 2322 533 2366 Potuisset
551 2322 694 2374 enim,
722 2322 759 2366 si
779 2337 944 2385 pacem
962 2336 1069 2365 cuni
1090 2321 1192 2383 ipso
1213 2321 1483 2380 invenisset,
1505 2322 1635 2384 quie-

236 2408 310 2443 tus
325 2408 369 2443 et
385 2398 606 2461 pacificus
620 2400 795 2458 vivens,
815 2398 1029 2444 subditos
1042 2415 1152 2444 suos
1166 2408 1211 2444 ct
1224 2408 1368 2444 terras
1384 2400 1639 2463 locupletes

237 2485 282 2520 et
313 2474 562 2538 opulentos
592 2474 811 2534 reddere,
844 2491 1010 2538 seque,
1044 2475 1080 2521 si
1110 2475 1168 2521 de
1199 2476 1323 2537 regia
1353 2475 1444 2521 fide
1472 2492 1638 2540 parum

291 2669 307 2702 1
320 2695 328 2703 .
361 2664 601 2703 C'est-a-dire
626 2664 679 2701 les
706 2666 845 2702 comtes
865 2665 911 2702 de
931 2666 1065 2702 Maicon
1086 2674 1123 2703 et
1143 2665 1354 2704 d'Auxerre
1367 2695 1376 2712 ,
1398 2665 1641 2704 abandonne's

239 2739 306 2776 par
326 2725 360 2762 le
385 2725 493 2761 traitc
518 2724 693 2770 d'Awas,
716 2732 751 2759 et
776 2724 830 2760 les
855 2724 963 2761 villes
992 2724 1038 2761 (16
1066 2725 1257 2773 Picardie,
1279 2725 1399 2771 objets
1425 2725 1489 2762 des
1516 2725 1641 2762 traites

235 2785 281 2821 de
298 2784 471 2822 Conssans
488 2791 523 2819 et
544 2782 590 2819 de
611 2782 797 2821 Pe'ronne.
