1923 3020
268 256 314 287 30
628 253 851 289 HISTORIA
857 254 963 289 RUM
992 253 1039 287 Li
1048 254 1053 259 '
1061 252 1154 286 DOV
1162 252 1225 286 ICI
1252 251 1306 286 XI

265 340 358 402 pite
385 340 519 401 regiae
547 339 798 384 voluntatis
832 339 1164 395 conversione;
1192 336 1422 399 quodque
1446 345 1542 382 tam
1573 338 1666 382 cito

266 416 402 460 taleni
435 432 522 478 pro
547 416 722 460 meritis
755 415 907 459 eidem
932 415 1063 470 duci,
1092 430 1234 477 quern
1259 423 1502 477 parentem
1530 429 1665 458 suum

263 501 456 554 perante
476 492 707 554 appellare
732 491 897 536 solitus
919 500 1034 547 erat,
1062 490 1236 535 referre
1260 490 1455 552 gratiam
1472 489 1667 535 inchoa-

264 578 347 614 ret.
372 569 586 614 Decursis
612 569 748 630 igitur
781 567 940 630 paucis
966 577 1072 630 post
1097 567 1266 613 diebus
1282 605 1292 625 ‚
1326 567 1424 630 ipse
1453 566 1548 612 dux
1571 568 1665 628 regi

263 644 557 701 valefaciens,
584 644 641 689 ad
664 643 853 707 propria
874 659 921 688 se
940 643 1141 688 reduxit.

326 721 445 763 Cum
466 735 576 764 vero
596 718 750 763 adhuc
768 728 886 764 esset
908 718 1006 780 ipse
1025 734 1101 763 rex
1120 717 1321 776 Parisiis,
1341 717 1481 762 etiam
1499 715 1663 761 eadem

264 796 441 841 iteravit
489 795 632 840 verba
676 811 779 856 quae
823 794 949 857 apud
998 797 1167 840 Remos
1216 805 1322 839 ante
1370 795 1658 840 enunciarat.

263 874 534 934 porrigente
563 874 689 919 enim
722 873 787 917 illi
827 873 1181 935 supplicationis
1216 871 1426 917 libellum
1466 888 1664 917 venera-

263 948 340 994 bili
382 949 584 995 antistite
619 948 1038 994 Autissiodorensis
1071 948 1294 993 ecclesiae¹
1338 964 1423 1010 pro
1458 948 1662 1010 quadarn

264 1024 368 1070 villa
391 1025 593 1070 ecclesiae
619 1042 733 1083 suae,
764 1042 888 1087 quse,
915 1024 1081 1069 eadem
1104 1034 1258 1069 testate
1277 1033 1322 1068 et
1346 1023 1511 1069 iisdem
1532 1040 1662 1088 paene

261 1100 450 1161 diebus,
486 1102 706 1149 incendio
740 1102 930 1147 fortuito
961 1102 1149 1164 penitus
1178 1100 1512 1163 conflagrarat,
1547 1117 1664 1163 qua-

261 1188 398 1224 tenus
438 1180 617 1225 miseris
661 1178 909 1223 clementia
952 1178 1078 1240 regia
1118 1177 1435 1240 compatiens,
1481 1194 1561 1222 eos
1603 1178 1662 1224 ad

260 1254 466 1316 aliquos²
504 1255 710 1299 relevare
744 1254 878 1299 vellet
908 1270 933 1299 a
961 1254 1097 1300 talliis
1127 1252 1421 1317 publicisque
1454 1254 1658 1314 tributis,

261 1330 444 1393 publice
469 1340 515 1376 et
544 1331 698 1393 palam
724 1330 946 1375 omnibus
976 1347 1253 1394 responsum
1285 1331 1327 1376 ei
1357 1331 1463 1387 fuit,
1498 1348 1545 1377 se
1574 1349 1660 1395 pro

260 1407 335 1453 illa
355 1406 460 1452 villa
484 1406 597 1451 nihil
618 1406 957 1470 particulariter
978 1407 1221 1469 indulgere
1242 1406 1381 1466 velle;
1409 1407 1489 1452 sed
1514 1408 1661 1454 inten-

259 1484 396 1529 tionis
416 1500 469 1529 ae
486 1483 742 1530 voluntatis
762 1500 854 1529 suae
873 1500 972 1530 esse
989 1485 1266 1546 generaliter
1289 1494 1441 1530 totum
1465 1501 1660 1547 regnum

258 1559 530 1621 hujusmodi
559 1560 765 1605 relevare
794 1561 1041 1619 oneribus,
1075 1571 1121 1606 et
1152 1560 1523 1626 supplicantibus
1553 1563 1661 1608 satis

258 1653 342 1699 per
361 1636 452 1682 hoc
475 1637 742 1682 consultum
768 1638 839 1696 iri,
868 1648 912 1683 et
939 1639 1157 1684 desiderii
1183 1640 1253 1685 sui
1275 1639 1394 1684 bene
1419 1649 1661 1702 compotes

260 1713 374 1759 fieri.
413 1714 553 1770 Quod
587 1714 705 1777 regis
733 1715 928 1760 verbum
955 1733 1064 1761 cum
1094 1732 1229 1761 aures
1264 1716 1479 1760 omnium
1508 1716 1658 1760 statim

258 1791 563 1854 implevisset,
612 1791 703 1836 dici
751 1792 879 1837 facile
916 1809 1013 1837 non
1050 1802 1207 1855 posset
1247 1802 1425 1855 quanta
1460 1791 1660 1855 proinde

259 1868 394 1913 bonae
433 1868 529 1931 spei
566 1878 610 1914 et
647 1868 983 1914 consolationis
1016 1869 1208 1914 materia
1244 1867 1458 1931 plurimis
1492 1884 1658 1930 prove-

260 1955 394 1990 uerit.

738 2094 1074 2138 CAPITULUM
1108 2095 1184 2137 IX.

260 2212 311 2243 De
332 2211 579 2255 supplicatione
597 2212 682 2244 facia
706 2224 770 2257 pro
794 2211 973 2257 provincia
995 2211 1220 2245 Normanniae
1239 2219 1272 2243 et
1299 2210 1384 2255 regis
1413 2209 1657 2255 responsione3

306 2265 404 2308 cujus
425 2264 603 2297 occasione
628 2264 711 2297 dolo
737 2265 986 2299 advocatorum
1012 2267 1149 2299 fuerunt
1173 2264 1401 2310 provinciales
1423 2264 1568 2310 turpiter
1586 2264 1655 2296 cir-

306 2327 491 2353 cumventi.

325 2417 410 2460 Cui
446 2416 586 2460 innixi
628 2417 689 2461 illi
724 2419 962 2479 potissime
997 2419 1055 2464 de
1095 2418 1406 2475 Normannia‚
1442 2418 1521 2479 qui
1557 2427 1655 2462 tum

266 2492 445 2538 Parisiis
470 2502 602 2537 erant
634 2513 635 2519 ¹
662 2494 789 2536 inulti
818 2495 992 2557 quippe
1019 2494 1076 2539 de
1103 2495 1299 2557 praelatis
1323 2504 1461 2554 atque
1488 2493 1658 2538 nobili-

314 2660 349 2692 ⁴1.
384 2656 509 2693 Pici-re
526 2656 572 2692 (le
591 2656 786 2705 Longucil.

314 2719 349 2751 (2.
389 2717 579 2751 Petit-etro
602 2729 656 2749 erm
678 2723 744 2749 aut
762 2727 882 2748 eorum
906 2715 1061 2762 aliquo-3.
