1923 3020
710 282 854 317 LIBER
892 281 1162 318 SECUNDUS.
1564 281 1640 316 113

240 369 310 414 los
335 369 393 415 ad
417 372 566 416 Deum
591 370 869 432 dirigamus,
898 368 1302 432 quemadmodum
1326 369 1553 432 scriptum
1575 369 1643 415 le-

241 449 392 510 gimus
414 453 470 494 11⁰
495 450 924 513 Paralipomenum,
950 454 1025 494 xx⁰
1044 466 1149 513 cap.

305 524 434 570 Tales
450 525 591 587 igitur
611 535 891 583 conventus,
911 526 967 572 ad
989 526 1334 572 retundendam
1356 526 1643 589 impietatem

242 617 320 646 seu
347 601 644 661 tyrannidem
670 602 864 663 alicujus
887 603 1006 664 regis
1034 612 1113 647 aut
1139 602 1461 665 imperatoris,
1490 619 1515 648 a
1538 602 1645 647 sub-

242 676 348 721 ditis
374 677 744 723 existimaremus
765 678 1103 724 rationabiliter
1128 696 1264 741 posse
1290 678 1387 724 fieri
1405 714 1416 736 ,
1456 678 1534 723 ubi
1567 695 1643 723 su-

243 752 402 814 perior
442 752 610 815 aliquis
659 772 755 799 non
804 765 952 813 esset,
992 754 1120 817 apud
1162 772 1303 817 quem
1343 756 1418 802 via
1458 755 1645 816 justitiae

243 827 507 874 remedium
540 831 739 876 inveniri
772 841 953 894 posset,
985 831 1065 875 sed
1089 840 1133 875 et
1157 841 1269 876 tunc
1292 848 1388 876 non
1413 831 1524 877 alias
1557 832 1644 877 nisi

245 914 452 950 extrema
496 917 693 967 cogente
737 908 1010 953 necessitate
1036 926 1045 963 3
1103 917 1146 952 et
1174 944 1184 965 ,
1239 907 1645 969 quemadmodum

245 981 303 1026 ad
327 981 562 1027 urendum
588 983 659 1028 xel
686 984 946 1029 secandum
970 983 1237 1028 membrum
1261 983 1472 1045 aliquod,
1497 994 1548 1029 ut
1570 986 1646 1029 Ci-

245 1074 353 1103 cero
380 1058 548 1121 inquit,
577 1068 688 1105 tunc
714 1060 982 1118 devenitur,
1008 1059 1090 1105 ubi
1119 1069 1283 1104 caetera
1308 1060 1468 1104 omnia
1499 1060 1647 1106 medi-

245 1135 413 1180 cinalia
459 1137 666 1182 remedia
710 1137 935 1183 deficiunt
979 1137 1050 1182 vel
1090 1136 1206 1181 nihil
1249 1137 1536 1199 proficiunt,
1588 1139 1649 1183 ita

245 1210 304 1256 ad
328 1210 451 1256 lianc
481 1212 602 1257 viam
626 1213 894 1276 reipublicae
918 1212 1127 1275 periculo
1152 1212 1454 1271 consulendi,
1495 1215 1531 1258 si
1567 1214 1650 1259 ali-

246 1287 440 1347 quando
472 1287 669 1333 subditis
700 1298 866 1334 contra
891 1288 1085 1350 alicujus
1110 1288 1410 1351 tyrannidem
1441 1298 1485 1333 et
1523 1289 1651 1335 533νί-

248 1365 358 1410 tiam
396 1366 720 1428 reprimendas
758 1366 894 1411 liceat
935 1365 1185 1420 devenire,
1226 1375 1337 1410 tunc
1374 1365 1569 1411 demum
1602 1366 1649 1411 id

246 1441 459 1487 flendum
476 1453 612 1500 esset,
638 1443 717 1488 ubi
742 1443 868 1489 aliud
893 1442 1153 1488 remedium
1172 1443 1437 1488 humanum
1457 1443 1650 1490 minime

246 1530 526 1582 superesset.
563 1519 698 1565 Unde
733 1536 760 1565 a
788 1519 919 1565 nullo
949 1519 1123 1583 culpati
1165 1536 1377 1582 unquam
1415 1520 1552 1566 fuisse
1585 1521 1650 1566 le—

248 1606 420 1658 guntur
444 1597 759 1659 Agrigentini,
793 1597 872 1658 qui
900 1613 1066 1641 onmes
1093 1597 1378 1642 unanimiter
1402 1597 1449 1641 in
1476 1597 1651 1644 Phala—

249 1673 358 1730 rim,
389 1683 437 1718 ut
460 1674 621 1718 Cicero
646 1674 822 1735 inquit,
851 1672 922 1718 vel
947 1682 1135 1718 senatus
1164 1673 1464 1736 populusque
1497 1690 1651 1720 roma-

248 1767 364 1807 nus,
404 1751 483 1813 qui
522 1751 569 1795 in
606 1754 874 1809 Neronem,
911 1766 993 1795 seu
1024 1750 1101 1795 alii
1137 1751 1472 1813 quamplurimi
1514 1751 1649 1796 liberi

249 1827 444 1889 populi,
481 1829 561 1889 qui
599 1828 646 1872 in
683 1827 854 1871 similes
879 1836 1120 1888 tyrannos,
1158 1842 1239 1871 seu
1265 1827 1470 1872 universi
1510 1826 1650 1871 simul

248 1919 328 1948 seu
353 1904 545 1965 quidam
569 1920 624 1948 ex
650 1904 759 1967 ipsis
783 1904 957 1949 caeteris
981 1903 1274 1959 audaciores,
1307 1913 1516 1948 extrema
1539 1920 1651 1966 pos-

249 1990 385 2025 cente
409 1981 698 2038 necessitate,
723 1981 822 2026 zelo
842 1981 1029 2042 justitia*
1046 1990 1090 2026 et
1109 1979 1393 2043 reipublicae,
1421 1980 1650 2043 impetum

251 2056 477 2102 fecerunt.
508 2058 651 2102 Omni
672 2057 797 2102 enim
823 2057 940 2119 juris
963 2057 1159 2102 humani
1186 2056 1433 2101 deficiente
1456 2057 1645 2118 auxilio,

250 2134 310 2179 ad
352 2135 470 2196 juris
507 2134 732 2180 naturalis
774 2134 980 2179 remedia
1016 2133 1173 2196 (quod
1211 2142 1374 2178 contra
1410 2133 1652 2181 violentias

252 2212 505 2274 unicuique
528 2228 626 2256 sese
644 2210 897 2256 defendere
922 2220 966 2255 et
988 2211 1083 2254 vim
1103 2210 1147 2254 xi
1171 2210 1394 2273 repellere
1413 2211 1653 2273 concedit)

253 2288 408 2333 nullus
432 2305 554 2334 sanae
579 2289 747 2333 mentis
779 2288 1017 2350 negaverit
1046 2288 1221 2332 recurri
1245 2303 1397 2350 posse.
1428 2288 1497 2334 Ad
1521 2290 1650 2352 quod

253 2367 413 2428 utique
450 2377 744 2412 recurrentes
779 2367 825 2411 in
863 2376 990 2411 tanta
1015 2383 1172 2411 rerum
1196 2365 1476 2412 confusione
1501 2377 1545 2413 et
1572 2385 1652 2413 vo-

252 2444 411 2504 ragine
434 2444 654 2487 vitiorum
689 2444 809 2504 (ne,
852 2443 1073 2505 patientia
1104 2458 1187 2488 sua
1211 2452 1341 2488 muta
1364 2453 1409 2488 et
1433 2444 1620 2507 torpida
1640 2481 1650 2501 ,

253 2536 361 2564 cum
381 2520 688 2564 verisimiliter
705 2519 931 2565 obsistere
952 2536 1087 2582 posse
1105 2529 1345 2583 putentur,
1368 2537 1652 2566 consensum

256 2606 321 2641 101
352 2596 485 2640 malis
510 2606 727 2659 praestare
752 2596 1041 2658 videantur),
1071 2597 1150 2659 qui
1176 2596 1389 2660 profecto
1413 2614 1501 2661 pro
1520 2597 1658 2660 justi—

254 2675 332 2729 tia,
352 2690 438 2736 pro
463 2673 694 2730 libertate,
719 2674 756 2718 si
784 2674 877 2719 fors
900 2673 997 2718 11110
1022 2675 1243 2729 attulerit,
1270 2675 1539 2731 virtuosius,
1564 2676 1659 2722 lau-

255 2750 456 2796 dabilius
482 2760 622 2813 atque
648 2750 895 2813 gloriosius
919 2751 1259 2797 occumberent
1282 2768 1425 2813 quam
1451 2752 1504 2808 si,
1529 2755 1659 2798 0111111

465 2841 494 2863 11
1427 2830 1449 2866 8
