1923 3020
222 254 268 288 76
579 255 872 290 HISTORIARU
880 255 914 289 M
944 255 1176 292 LUDOVICI
1205 257 1260 292 XI

221 343 354 403 regis,
381 357 548 402 magna
574 357 628 385 ex
656 352 786 404 parte
812 341 1007 388 fundata
1030 353 1074 389 et
1098 343 1259 390 dotata
1288 363 1297 390 :
1320 345 1493 407 quibus
1515 347 1620 408 jura

219 433 324 475 sua,
352 416 436 461 sul)
470 417 690 480 praedicta
725 435 923 464 censura
956 419 1304 467 confiscationis
1338 423 1550 486 corporis
1575 431 1621 468 et
1683 448 1687 454 ·

219 492 480 550 bonorum,
508 494 585 539 tali
611 494 764 540 edicto
789 495 942 541 ablata
966 506 1089 541 sunt.

674 700 1012 744 CAPITULUM
1046 701 1185 745 XXII.

218 830 267 863 De
284 831 357 864 aliis
372 831 512 866 duobus
529 833 656 878 iniquis
672 833 804 875 edictis,
821 843 854 867 et
872 833 914 867 do
934 834 1016 867 novi
1035 835 1209 880 vectigalis
1225 835 1319 881 apud
1334 836 1619 870 Pontem-Archa*

782 885 1055 922 introductione.

282 1002 420 1048 Aliud
446 1013 602 1049 autem
627 1003 834 1050 edictum
863 1006 1002 1051 etiam
1029 1021 1082 1052 ex
1107 1005 1320 1067 ejusdem
1342 1006 1462 1067 regis
1482 1006 1618 1068 juris-

217 1080 463 1141 prudentia
512 1091 556 1126 et
602 1082 648 1127 in
691 1086 843 1127 Deum
883 1083 1053 1145 pietate
1100 1083 1351 1127 emanavit.
1399 1084 1617 1147 Praecepit

216 1156 342 1201 enim
366 1156 588 1202 omnibus
611 1157 909 1203 ecclesiarum
933 1158 1132 1222 praelatis
1155 1159 1298 1204 totius
1322 1160 1468 1222 regni,
1495 1161 1618 1224 capi-

218 1233 419 1296 tulisque
459 1245 503 1280 et
535 1235 874 1280 cathedralium
919 1245 964 1281 et
1005 1234 1356 1298 collegiatarum
1395 1253 1616 1298 quarum-

217 1327 420 1372 cumque
438 1311 739 1356 ecclesiarum
757 1313 1014 1371 canonicis,
1030 1312 1331 1359 ecclesiarum
1356 1313 1616 1360 rectoribus

216 1395 260 1431 et
297 1403 458 1431 earum
494 1388 819 1433 matriculariis
857 1405 935 1434 seu
977 1389 1295 1447 thesaurariiS,
1333 1390 1617 1453 cappellanis

216 1461 540 1524 hospitalium,
568 1464 900 1528 leprosiarum,
929 1476 974 1511 et
997 1482 1406 1529 quorumcumque
1428 1467 1615 1530 piorum

216 1548 260 1583 et
284 1538 608 1601 religiosorum
631 1541 1089 1589 administratoribus
1108 1544 1342 1600 locorum,
1366 1553 1614 1606 quatenus,

216 1615 335 1661 infra
358 1626 537 1663 certum
562 1620 816 1665 terminum
845 1619 1085 1683 praefixum
1100 1659 1111 1676 ,
1136 1621 1400 1666 senescallis
1423 1630 1469 1666 et
1492 1620 1620 1666 balli-

216 1692 299 1748 vis,
326 1693 446 1740 infra
469 1712 675 1757 quorum
698 1697 1048 1742 territoriorum
1070 1697 1240 1743 limites
1264 1697 1420 1744 situati
1444 1697 1613 1753 forent,

216 1767 607 1818 denuntiamenta
639 1772 1098 1821 seu.declarationes
1135 1773 1375 1819 traderent
1403 1774 1616 1819 omnium

215 1853 445 1892 terrarum
474 1858 519 1893 et
547 1849 858 1911 praediorum,
894 1867 1122 1897 censuum
1155 1861 1294 1914 atque
1322 1849 1613 1908 reddituum,

216 1937 335 1981 quos
354 1922 585 1970 haberent
602 1935 646 1971 et
666 1927 979 1990 perciperent,
1004 1945 1149 1991 usque
1167 1928 1305 1973 etiam
1323 1926 1382 1972 ad
1402 1927 1618 1972 minimas

217 2006 259 2041 et
284 1998 616 2048 minutissimas
634 2013 810 2066 partesg
834 2014 878 2049 et
898 2021 923 2050 a
949 2021 1044 2069 quo
1065 2014 1279 2068 tempore
1307 2014 1353 2050 et
1372 2003 1616 2067 quomodo

217 2072 487 2133 hujusmodi
518 2079 611 2124 suis
643 2080 873 2139 ecclesiis,
907 2091 985 2126 aut
1009 2081 1272 2138 beneficiis,
1300 2080 1371 2126 vel
1396 2079 1618 2125 domibus

216 2150 439 2210 acquisita
472 2154 685 2216 fuissent3
724 2159 1034 2221 exprimendo
1065 2176 1205 2223 super
1234 2159 1404 2222 quibus
1435 2158 1619 2221 praediis

218 2224 485 2286 hujusmodi
505 2248 669 2279 census
682 2235 754 2279 vel
770 2235 982 2281 redditus
999 2237 1239 2282 constituti
1258 2236 1433 2290 forent,
1454 2234 1619 2279 eadem

217 2304 357 2350 etiam
380 2307 553 2368 praedia
577 2327 660 2371 per
677 2312 889 2358 confines
908 2330 1046 2375 agros
1070 2313 1362 2376 designando
1382 2322 1521 2374 atque
1546 2312 1620 2358 de·

216 2382 457 2428 clarando.
486 2385 530 2429 Si
559 2387 639 2447 qui
663 2398 819 2434 autem
844 2401 996 2436 essent
1023 2392 1103 2454 qui
1128 2390 1517 2436 denuntiamenta
1537 2405 1620 2434 sua

217 2476 296 2505 seu
313 2460 653 2508 declarationes
671 2465 789 2510 infra
808 2468 1050 2528 praelixum
1071 2469 1363 2527 terminum¹,
1383 2467 1469 2512 sub
1485 2467 1621 2513 dictis

218 2537 362 2581 modo
393 2547 437 2583 et
462 2539 634 2596 forma,
663 2541 858 2587 minime
890 2546 1155 2603 traderent,
1182 2543 1439 2590 mandabat
1462 2544 1620 2588 omnia

272 2677 306 2709 1.
340 2676 390 2711 (Σεὲ
422 2684 540 2713 terme
568 2677 656 2714 e'taIt
686 2677 776 2717 d’url
808 2691 869 2717 an.
914 2683 1173 2716 Ordmmamws
1200 2684 1263 2716 (les
1291 2686 1365 2716 ruis
1390 2682 1437 2716 (le
1464 2682 1620 2725 France,

217 2741 242 2768 t.
268 2735 368 2778 XVI,
391 2748 428 2784 p.
453 2737 516 2773 45.
