1923 3020
706 255 846 291 LIBER
874 255 1097 300 QUINTUS.
1528 258 1596 293 391

212 339 373 387 ditates
400 359 496 387 non
533 342 748 387 minimas
781 341 975 403 algoriS,
1012 350 1147 386 aestus
1180 350 1320 404 atque
1347 340 1598 402 imbrium,

211 418 347 463 etiam
384 417 514 463 famis
546 428 684 480 atque
720 418 912 477 inediae,
941 427 985 463 et
1022 418 1249 481 penuriae‚
1281 428 1326 463 et
1357 422 1604 466 necessarii

212 493 358 538 victus
378 495 698 540 necessitatem
718 495 983 556 frequenter
1011 495 1284 541 sustinuisse
1312 495 1598 543 ferebantur.

211 571 316 613 Erat
338 569 463 613 enim
485 569 575 614 illic
592 570 779 632 querela
798 570 1014 631 frequens
1032 580 1076 615 et
1093 587 1224 633 paene
1248 572 1449 627 assidua,
1472 574 1600 636 quod

209 655 252 690 et
276 661 475 691 annonae
504 647 686 691 caristia
715 655 759 690 et
791 647 988 707 penuria
1023 662 1192 707 magna
1221 647 1517 708 laborarent,
1559 661 1606 696 et

207 721 336 782 quod
370 720 428 767 de
464 722 556 767 suis
587 721 768 766 statutis
800 721 1043 784 stipendiis
1084 722 1149 766 eis
1172 724 1372 785 pessime
1400 726 1604 774 solvere-

207 807 281 841 tur
307 815 316 840 ε
344 814 446 859 quae
470 815 541 843 res
567 798 779 843 omnium
803 814 934 860 paene
956 797 1042 842 sibi
1070 798 1371 846 militantium
1396 819 1422 848 a
1440 821 1490 849 se
1509 806 1605 851 ani-

206 889 308 918 mos
336 883 381 918 et
418 873 795 919 benevolentiam
825 873 1127 919 distrahebat.
1158 878 1298 921 Fama
1326 878 1467 924 etiam
1498 882 1606 927 satis

204 949 391 1012 publica
421 959 466 994 et
495 949 683 1011 vulgata
715 949 966 1008 serebatur,
995 950 1125 1012 quod
1157 967 1264 996 raro
1298 954 1465 1001 milites
1496 973 1605 1002 suos

204 1025 376 1071 blande
399 1042 452 1071 ac
484 1026 682 1071 dulciter
717 1025 846 1072 affari
881 1036 926 1071 et
955 1026 1239 1090 compellare
1269 1042 1599 1091 consueverat3

203 1103 284 1148 sed
313 1119 419 1161 eos,
445 1104 584 1149 etiam
612 1120 699 1166 pro
725 1102 864 1148 nullis
891 1102 965 1148 vel
990 1103 1198 1148 minimis
1223 1106 1395 1162 causis,
1429 1109 1604 1171 asperis

204 1189 248 1225 et
284 1179 520 1225 atrocibus
559 1190 603 1225 et
638 1180 895 1226 immitibus
925 1180 1246 1226 insectabatur
1274 1182 1444 1228 verbiS.
1479 1187 1602 1241 Qui-

203 1255 289 1301 bus
312 1256 449 1303 rebus
474 1257 619 1314 datis,
649 1256 836 1302 difficile
868 1267 936 1302 est
965 1273 1136 1319 magno
1163 1267 1208 1303 et
1232 1258 1410 1304 volenti
1442 1262 1601 1307 animo

203 1333 374 1378 militiae
405 1334 624 1379 duritiam
656 1343 796 1396 atque
827 1332 1006 1379 inedias
1031 1334 1156 1397 pati,
1185 1344 1229 1379 et
1258 1334 1401 1380 vitam
1425 1351 1478 1380 ac
1510 1336 1602 1381 sor-

202 1416 338 1452 tunas
372 1408 609 1454 universas
644 1424 732 1470 pro
767 1407 962 1453 homine
982 1443 993 1465 ,
1031 1408 1112 1470 qui
1143 1407 1322 1453 nullam
1355 1408 1415 1453 ad
1450 1426 1530 1454 eos
1554 1426 1601 1455 se

201 1482 577 1530 benevolentiam
620 1483 795 1530 habere
834 1484 1067 1542 ostendit,
1104 1485 1321 1530 extremis
1367 1485 1602 1547 objectare

200 1560 434 1623 periculis.

264 1637 515 1683 Ferebatur
538 1637 676 1683 etiam
700 1637 810 1683 huic
838 1636 959 1682 cladi
986 1646 1031 1682 et
1055 1635 1181 1682 aliud
1208 1637 1323 1682 suis¹
1346 1637 1598 1685 infaustum

201 1713 435 1777 adjectum
472 1714 626 1760 fuisse.
662 1718 778 1760 Nam
815 1730 923 1759 cum
960 1713 1119 1777 plures
1155 1713 1214 1759 de
1247 1714 1340 1759 suis
1375 1714 1599 1776 fugiendo

200 1790 326 1852 apud
355 1790 631 1835 Cebennam
655 1801 733 1836 aut
761 1790 872 1836 alias
896 1807 943 1836 se
974 1789 1281 1852 recepissent,
1310 1806 1391 1835 eos
1411 1790 1501 1835 loci
1528 1791 1599 1835 in-

199 1866 311 1911 colae
331 1903 342 1924 ,
378 1867 515 1912 simul
546 1884 653 1913 cum
686 1868 873 1912 fortuna
914 1866 972 1913 ab
1004 1867 1239 1912 anteriore
1272 1866 1599 1914 benevolentia

199 1953 336 2005 atque
393 1945 595 1990 amicitia
646 1944 914 1990 deficientes
940 1980 950 2001 ‚
1000 1942 1254 1988 trucidasse
1308 1942 1594 1990 ferebantur.

201 2024 397 2085 Propter
427 2021 557 2084 quod
581 2032 626 2067 et
655 2020 906 2067 nonnullas
935 2020 1033 2065 doli
1063 2036 1115 2064 ac
1139 2019 1419 2082 proditionis
1445 2021 1596 2083 suspi-

199 2098 378 2155 ciones,
417 2099 566 2160 ipsam
609 2098 750 2143 etiam
787 2096 1031 2142 Sabaudiae
1071 2095 1305 2142 ducissam
1346 2112 1505 2141 secum
1543 2097 1590 2142 in

199 2176 516 2237 Burgundiam
538 2177 635 2239 ipse
658 2176 752 2221 dux
773 2175 966 2232 abduci,
987 2175 1094 2221 licet
1117 2174 1325 2231 invitam,
1356 2183 1495 2236 atque
1515 2174 1594 2219 diu

200 2252 289 2298 illic
313 2253 534 2298 asservari
558 2262 603 2297 et
619 2252 768 2297 teneri
792 2251 938 2296 fecit?

253 2373 288 2407 1.
319 2372 410 2408 Sans
430 2371 543 2407 doute
562 2375 651 2406 satis
672 2383 720 2407 au
736 2370 811 2407 lieu
832 2370 878 2406 de
897 2372 985 2407 sals.

252 2433 289 2468 ⁹2.
322 2434 379 2467 Au
399 2430 554 2466 chateau
576 2429 622 2466 de
641 2432 832 2474 Rouvres,
856 2431 941 2480 pres
961 2429 1007 2465 de
1027 2429 1154 2476 Dijon,
1175 2428 1265 2465 d’ou
1283 2428 1355 2465 elle
1376 2426 1526 2464 s’evada
1546 2442 1592 2464 au

200 2489 289 2525 bont
313 2489 359 2526 de
378 2498 510 2538 quatre
531 2503 579 2525 ou
599 2489 685 2537 cinq
706 2488 813 2526 mois.
836 2488 1063 2532 Commines,
1087 2488 1111 2526 l.
1132 2491 1177 2534 V,
1199 2502 1232 2524 c.
1258 2502 1309 2526 ιν.
