1923 3020
769 275 912 310 LIBER
941 275 1135 312 PRIMUS.
1601 279 1649 313 83

257 359 397 404 nabat
413 360 587 422 legatos
607 359 664 405 ad
686 360 839 423 ipsum
862 361 1106 405 Britanniae
1122 360 1309 420 ducem,
1334 373 1400 419 ut,
1424 363 1493 408 vel
1513 364 1650 410 minis

254 436 544 494 deterritum,
572 437 642 482 vel
667 436 832 482 oblatis
855 437 1058 483 illectum
1078 437 1359 499 honoribus,
1387 456 1495 486 eum
1518 441 1575 487 ad
1601 459 1649 488 se

254 523 411 574 posset
440 514 685 559 attrahere.
729 517 874 559 Porro
915 532 1045 573 cum,
1089 515 1302 578 pluribus
1338 517 1648 579 legationibus

253 589 401 633 missis
417 590 632 652 utrinque
650 600 788 653 atque
806 592 1025 650 remissis,
1046 592 1093 635 in
1112 609 1294 638 cassum
1313 595 1434 655 regis
1452 605 1649 641 conatus

253 665 582 727 procederent,
613 666 801 712 tandem
825 668 1044 712 comitem
1071 668 1202 713 illum
1228 669 1451 716 illustrem
1474 673 1648 718 virum-

252 757 343 803 que
365 741 668 804 prudentem,
693 744 914 788 comitem
939 743 1112 789 scilieet
1135 747 1403 792 Dunensem
1418 783 1429 803 ‚
1459 748 1518 793 ad
1541 766 1650 795 eum

253 816 526 876 destinavit3
554 828 598 863 et
624 836 731 864 cum
756 819 816 864 ad
841 820 939 881 ejus
961 835 1151 881 quoque
1182 822 1417 868 intentum
1456 825 1651 871 minime

252 892 464 939 laborare
487 895 728 958 potuisset,
756 912 811 940 eo
834 911 1036 953 reverso,
1061 896 1297 959 principes
1320 900 1388 943 sui
1411 902 1649 963 sanguinis

252 979 297 1014 et
320 971 518 1032 majores
540 972 669 1033 regni
691 988 907 1036 proceres
925 971 985 1017 ad
1011 971 1174 1018 urbem
1196 975 1518 1022 Turonensem
1538 994 1650 1023 con-

251 1049 471 1093 vocavit¹.

316 1127 483 1171 Coram
509 1126 679 1188 quibus
701 1128 749 1171 in
777 1143 924 1171 unum
948 1125 1176 1183 collectis,
1203 1127 1392 1190 longam
1418 1145 1503 1191 pro
1529 1146 1650 1176 con-

250 1203 384 1248 cione
406 1204 686 1261 orationem,
707 1204 830 1249 velut
843 1204 1198 1265 accusatoriam,
1218 1204 1383 1251 habuit
1401 1206 1650 1253 adversum

251 1280 495 1326 Britanniae
519 1281 705 1326 ducem.
736 1283 846 1326 Erat
870 1281 994 1326 enim
1021 1282 1065 1326 in
1094 1298 1310 1328 sermone
1337 1282 1560 1343 dicacior,
1584 1295 1646 1344 et,

251 1357 427 1402 nullam
456 1358 561 1403 licet
587 1358 764 1403 habens
788 1357 1066 1402 elocutionis
1092 1357 1369 1421 dignitatem
1394 1377 1476 1405 seu
1500 1362 1653 1422 gravi-

251 1442 409 1491 tatem,
438 1444 533 1480 erat
558 1445 711 1479 tamen
735 1443 828 1479 tam
850 1434 895 1478 in
922 1433 1124 1479 dicendo
1149 1435 1339 1494 effusus,
1369 1447 1418 1482 ut
1443 1437 1649 1500 plerum-

249 1527 340 1572 que
377 1521 617 1572 generaret
659 1527 741 1556 sua
776 1511 1057 1572 loquacitate
1094 1511 1331 1558 fastidium
1350 1516 1377 1558 ².
1421 1515 1651 1562 Narrabat

248 1588 385 1648 igitur
420 1589 577 1634 multis
617 1587 910 1634 sermonibus
948 1605 1063 1650 quas
1100 1589 1347 1651 injustitias
1386 1591 1512 1637 idem
1551 1592 1648 1638 dux

250 1666 496 1710 Britannice
525 1665 610 1710 sibi
643 1674 687 1710 et
718 1681 904 1710 coronae
939 1665 1138 1710 Franciae
1167 1676 1347 1712 teneret
1375 1677 1420 1713 et
1450 1668 1645 1727 faceret3

247 1741 445 1801 qualiter
468 1743 633 1787 merito
655 1742 854 1803 jureque
878 1740 1097 1786 adveisus
1119 1758 1227 1787 eum
1245 1744 1393 1805 justas
1417 1761 1579 1790 causas
1603 1756 1648 1791 et

247 1817 459 1877 querelas
481 1817 695 1875 haberet3
723 1834 818 1879 quo
843 1817 1004 1874 modo,
1028 1819 1165 1864 variis
1189 1820 1503 1882 legationibus
1526 1822 1646 1868 ultro

247 1894 460 1956 citroque
484 1894 740 1951 destinatis,
767 1910 874 1939 eum
898 1895 1062 1956 saepius
1085 1898 1453 1942 commonuisset
1475 1898 1534 1943 de
1559 1898 1648 1944 sibi

246 1971 550 2016 amicabiliter
567 1971 794 2033 justitiam
817 1970 1102 2030 exhibendo,
1133 1972 1300 2018 multas
1321 1974 1535 2036 aperiens
1557 1975 1645 2020 sibi

246 2047 341 2093 vias
359 2047 643 2105 amicabiles,
666 2063 781 2109 quas
802 2063 897 2091 non
918 2064 1148 2104 recusare,
1172 2048 1250 2093 sed
1271 2050 1487 2112 amplecti
1509 2052 1647 2097 ratio-

247 2120 464 2166 nabiliter
494 2120 751 2177 debuisset,
785 2120 866 2165 sed
897 2121 1060 2182 spretis
1093 2120 1339 2178 omnibus,
1373 2139 1469 2168 non
1499 2124 1644 2171 modo

246 2199 376 2259 quasi
405 2215 615 2261 parcum
646 2213 756 2260 pare
784 2198 910 2242 scum
943 2207 1097 2242 tamen
1131 2198 1228 2259 ejus
1261 2199 1481 2245 subditus
1516 2202 1572 2247 sit
1602 2212 1647 2248 et

247 2274 504 2335 vassallus),
519 2274 599 2319 sed
620 2274 771 2336 potius
792 2283 1011 2335 tanquam
1037 2275 1253 2336 superior
1275 2292 1382 2320 cnm
1402 2276 1642 2338 inferiore,

244 2350 368 2396 velut
392 2351 505 2395 nihil
530 2352 713 2414 penitus
738 2350 795 2395 ad
821 2367 927 2395 eum
953 2351 1174 2406 attinens,
1202 2369 1248 2397 se
1274 2354 1496 2414 gessisset>

310 2429 414 2472 Haec
440 2444 548 2473 cum
578 2426 734 2472 multis
759 2427 1029 2472 retexuisset
1057 2428 1377 2486 sermonibus,
1410 2429 1557 2476 multa
1586 2431 1645 2476 de

300 2571 334 2604 1.
368 2570 420 2603 Le
449 2569 495 2602 18
518 2565 717 2603 decembre
735 2568 849 2603 1464.
873 2565 962 2602 Voir
981 2565 1016 2602 le
1032 2566 1125 2603 recit
1145 2566 1191 2604 de
1214 2576 1311 2605 cette
1327 2567 1535 2605 assemblee
1549 2569 1642 2605 dans

248 2630 348 2664 Dom
370 2626 526 2673 Morice,
551 2630 722 2672 Prmves,
745 2634 771 2663 t.
796 2628 865 2671 III,
886 2639 925 2675 p.
949 2626 1012 2662 89.

298 2687 335 2721 9..
368 2688 420 2722 La
455 2685 616 2722 relation
649 2685 695 2722 de
726 2684 958 2723 l'assemblee
985 2693 1094 2735 porte
1124 2686 1348 2724 ne'anmoins
1379 2685 1471 2735 qu'il
1508 2685 1644 2723 toucha

243 2747 446 2797 jusqu'aux
468 2746 603 2783 larmes
622 2746 658 2783 la
680 2746 831 2796 plupart
847 2745 912 2783 des
928 2745 1133 2784 assistants.
