1923 3020
686 280 825 314 LIBER
862 279 1085 324 QUINTUS.
1516 277 1587 310 279

197 384 301 429 gem
326 366 567 412 habebat¹.
607 366 834 411 Afssuebat
870 381 1091 428 generosa
1126 364 1279 426 prole3
1316 362 1486 408 divitiis
1514 379 1589 407 su-

197 459 280 506 pra
303 457 484 498 omneS,
511 443 592 503 qui
616 452 715 487 tum
746 443 792 487 in
827 442 976 487 Gallia
1009 450 1141 486 erant
1159 478 1169 497 ,
1204 438 1446 484 abundare
1471 438 1590 484 sama

197 518 512 579 vulgatissima
541 518 790 564 ferebatur.
829 522 1042 563 Honores
1072 533 1182 561 vero
1215 516 1415 577 majores
1452 525 1591 577 atquc

198 594 443 656 ampliores
457 594 692 638 neminem
708 594 889 655 assequi
907 609 1041 655 posse
1060 593 1105 636 in
1122 608 1266 653 regno
1287 595 1589 646 Francorum,

197 684 337 731 quam
364 684 484 729 quos
507 667 594 713 sibi
621 684 699 712 rex
724 667 970 724 detulerat,
995 666 1198 711 dubitari
1225 683 1321 712 uon
1338 666 1492 724 debet,
1513 666 1593 727 qui

199 744 336 789 totius
372 743 543 788 militiae
577 745 706 804 regni
741 742 931 788 ducatui
970 743 1246 805 praepositus
1284 743 1457 798 fuerat,
1492 758 1593 804 quae

196 829 386 883 propter
416 821 569 866 varios
593 820 826 865 bellorum
852 818 1064 865 turbines
1098 835 1151 864 ac
1178 820 1465 882 suspiciones
1496 830 1593 865 tum

197 906 241 942 et
268 896 469 941 maxima
503 905 545 940 et
577 896 901 959 potentissima
925 904 1036 940 erat.
1066 896 1265 951 Quantis
1291 912 1402 941 vero
1428 896 1594 941 annuis

196 988 222 1018 a
260 988 366 1033 rege
402 970 734 1034 pensionibUS‚
772 980 815 1016 et
853 971 1093 1016 civitatum
1133 980 1272 1033 atque
1309 972 1594 1034 oppidorum

196 1048 440 1107 custodiis,
470 1065 522 1093 ac
554 1048 692 1093 variis
723 1046 1000 1092 muneribus
1023 1056 1067 1091 et
1093 1046 1299 1092 donariis
1336 1047 1595 1093 honoratus

196 1135 330 1184 esset,
357 1141 454 1170 non
476 1134 542 1171 est
563 1124 693 1170 facile
713 1139 948 1169 enarrare.
976 1123 1110 1184 Atqui
1133 1123 1270 1167 tantis
1296 1133 1339 1168 et
1359 1123 1528 1186 opibus
1551 1133 1595 1168 et

196 1201 458 1247 honoribus
481 1218 588 1246 cum
613 1201 854 1247 abundare
877 1200 1199 1256 aestimaretur,
1217 1199 1354 1261 inops
1374 1209 1527 1244 tamen
1552 1209 1595 1244 et

191 1278 360 1340 jugiter
379 1277 439 1323 ad
463 1277 692 1339 ampliora
716 1276 917 1334 inhians,
944 1285 1144 1338 egestate
1162 1276 1317 1338 potius
1338 1285 1381 1338 et
1402 1275 1595 1337 penuria

197 1369 296 1398 sese
327 1352 494 1414 affligi,
518 1368 660 1413 quam
684 1361 755 1396 tot
778 1352 1009 1412 congestis
1032 1351 1201 1415 opibus
1224 1360 1365 1413 atque
1390 1350 1594 1395 honori—

196 1428 285 1474 bus
309 1429 410 1474 vitae
426 1427 750 1474 sufficientiam
770 1437 1035 1473 assecutum
1057 1426 1320 1490 reputabat.

262 1507 340 1550 Est
360 1505 486 1549 enim
510 1505 700 1550 avaritia
721 1514 765 1550 et
785 1504 1016 1568 cupiditas
1031 1540 1042 1561 ,
1072 1513 1122 1548 ut
1150 1503 1384 1564 eleganter
1408 1503 1596 1565 Crispus

197 1581 280 1637 ait,
317 1598 500 1645 semper
528 1582 732 1642 infinita,
770 1599 956 1646 semper
990 1581 1289 1638 insatiabilis,
1317 1591 1362 1626 et
1384 1597 1486 1643 quae
1511 1597 1596 1625 nec

197 1659 356 1721 copia,
383 1675 469 1704 nec
493 1660 651 1723 inopia
671 1660 914 1705 minuitur.
941 1659 1075 1704 Unde
1100 1659 1377 1714 rectissime,
1412 1667 1463 1703 ut
1490 1658 1596 1702 Hie-

198 1751 422 1797 ronymus
442 1736 608 1797 inquit,
629 1746 783 1782 vetere
804 1735 1055 1799 proverbio
1074 1735 1131 1780 de
1150 1751 1290 1781 avaro
1312 1734 1489 1779 dictum
1508 1744 1592 1790 est,

197 1811 237 1856 ei
263 1820 357 1856 tam
382 1811 540 1857 deesse
563 1812 693 1874 quod
714 1812 881 1871 habet,
909 1829 1051 1875 quam
1077 1811 1206 1874 quod
1231 1827 1328 1856 non
1350 1810 1507 1855 habet.

262 1888 386 1944 Quid
423 1905 536 1933 vero
569 1905 687 1951 opus
716 1889 863 1935 fuerat
901 1889 1010 1934 buic
1040 1890 1166 1944 viro,
1199 1888 1277 1949 qui
1312 1896 1380 1931 tot
1411 1902 1596 1931 annuos

198 1981 389 2023 census,
419 1974 489 2009 tot
511 1964 777 2025 vectigalia,
807 1975 875 2010 tot
900 1966 1082 2028 opimas
1105 1974 1249 2009 terras
1279 1973 1418 2025 atque
1443 1962 1594 2007 domi-

199 2041 275 2086 nia
298 2040 525 2099 habebat,
546 2050 613 2086 tot
629 2057 756 2086 arces
772 2042 1060 2086 firmissimas
1081 2050 1219 2102 atque
1243 2040 1361 2085 aedes
1382 2039 1594 2084 omnium

198 2115 436 2163 bonorum
472 2117 707 2162 affluentia
748 2127 814 2174 et,
845 2133 948 2179 quae
976 2116 1227 2177 excogitari
1257 2125 1479 2179 possunt,
1516 2131 1595 2159 va-

200 2193 276 2238 riis
296 2193 646 2239 oblectamentis
670 2194 888 2250 refertas,
934 2193 1002 2238 his
1032 2192 1253 2237 omnibus
1278 2192 1402 2238 velut
1428 2190 1597 2236 relictis

201 2279 244 2314 et
262 2270 495 2331 neglectiS,
518 2269 694 2315 ambire
717 2270 830 2314 illud
852 2270 1125 2332 primarium
1150 2270 1291 2314 totius
1309 2269 1438 2331 regni
1458 2272 1489 2313 F
1492 2285 1597 2314 ran—

200 2362 365 2391 corum
392 2346 564 2391 militiae
593 2347 937 2407 magisterium,
972 2356 1016 2391 et
1050 2356 1242 2410 propter
1273 2345 1391 2406 hoc,
1427 2346 1596 2392 relictis

200 2423 408 2487 partibus
435 2424 842 2486 Burgundionum,
867 2424 948 2469 ubi
971 2441 1154 2489 semper
1172 2424 1468 2489 amplissimis
1486 2423 1593 2469 fun-

258 2561 290 2594 t.
322 2560 392 2594 Les
417 2557 517 2594 deux
546 2557 753 2607 princesses
791 2557 882 2594 dont
910 2557 1070 2595 l'auteur
1099 2558 1238 2595 entend
1268 2558 1394 2608 parler
1428 2557 1475 2595 ici
1513 2566 1597 2594 sont

200 2611 389 2653 Elisabeth
403 2616 593 2664 Wydvile,
613 2617 686 2652 fille
702 2616 747 2652 (le
763 2615 845 2652 lord
864 2616 997 2653 Rivers
1012 2625 1048 2653 et
1065 2617 1110 2654 (le
1128 2617 1347 2667 Jacqueline
1365 2617 1411 2654 de
1433 2620 1597 2654 Luxem-

201 2675 336 2726 bourg,
359 2676 493 2711 femme
514 2668 729 2711 ‹l'Edouard
752 2677 816 2719 IV,
840 2683 874 2711 et
899 2688 945 2711 en
972 2678 1109 2712 second
1135 2677 1208 2713 lieu
1232 2675 1347 2712 Marie
1375 2675 1422 2711 de
1442 2675 1593 2719 Savoie,

200 2747 300 2771 Sf'l‘tlt·
321 2734 364 2769 dc
385 2733 418 2769 la
441 2735 575 2770 femme
598 2734 643 2770 sle
663 2735 774 2770 [ouis
794 2737 860 2770 XI.
