1923 3020
272 243 319 276 28
632 243 967 280 HISTORIARUM
996 246 1228 281 LUDOVICI
1258 247 1312 281 XI

270 327 454 391 gundiae
484 337 669 390 ageret,
709 328 922 392 pluribus
953 345 1007 374 ex
1037 329 1309 392 proceribus
1350 340 1396 376 et
1438 331 1672 379 nobilibus

271 415 500 450 terrarum
520 421 740 465 suarum,
770 407 850 468 qui
877 406 924 450 in
961 422 1070 451 eum
1095 406 1401 470 obsequiosos
1426 417 1566 470 atque
1589 408 1672 455 be-

270 480 445 526 neficos
469 497 566 526 sese
588 481 927 538 exhibuissent,
953 482 1131 545 magnis
1148 498 1229 527 eos
1247 483 1522 530 muneribus
1532 495 1672 548 atque

269 559 532 604 honoribus
556 559 810 605 sublimare
829 595 840 616 ‚
872 559 908 604 si
942 561 1071 621 regni
1108 561 1291 624 paterni
1328 563 1671 624 possessionem

270 645 432 681 nactus
460 636 596 681 foret.
621 639 833 692 Quarum
859 637 1225 699 promissionum
1259 637 1454 684 obtentu
1480 656 1671 702 speran—

268 721 334 757 tes
367 711 586 774 pollicitis
622 710 765 757 fidem
808 713 1043 775 praestari,
1083 712 1239 775 plures
1275 729 1382 758 cum
1420 731 1592 777 magno
1629 726 1674 760 et

266 797 547 851 sumptuoso
573 798 799 851 apparatu
831 805 939 834 eum
971 788 1027 833 ad
1064 788 1229 834 urbem
1255 792 1507 835 Remorum
1535 801 1673 854 atque

268 865 554 911 Parisiorum
597 865 924 911 comitandum
969 876 1109 928 atque
1151 866 1487 913 honorandum
1528 869 1672 914 duxe-

266 951 400 997 rant3
439 941 544 1001 sed,
583 941 664 987 ubi
696 958 743 987 se
777 941 967 1005 pacifice
1002 943 1047 986 in
1086 959 1282 1004 regnum
1324 955 1591 1007 susceptum
1630 957 1674 991 et

268 1018 444 1080 absque
462 1019 838 1064 contradictione
865 1018 1082 1082 pervidit,
1100 1020 1227 1064 velut
1246 1020 1569 1082 impensorum
1588 1023 1672 1068 sibi

266 1096 518 1141 immemor
542 1096 882 1141 beneficiorum
904 1106 950 1142 et
976 1095 1258 1155 officiorum,
1288 1097 1403 1142 nihil
1425 1098 1471 1143 in
1498 1099 1675 1145 005110-

266 1172 394 1217 noris
422 1182 500 1217 aut
522 1173 678 1234 gratize
702 1172 948 1235 impendit.

331 1250 446 1303 Quae
484 1265 592 1293 cum
626 1246 1017 1310 prudentissimus
1049 1248 1124 1294 ille
1156 1248 1546 1310 Burgundionum
1578 1251 1671 1297 dux

268 1324 527 1388 Philippus,
553 1325 634 1387 qui
659 1325 706 1370 in
728 1341 836 1370 eum
861 1335 956 1370 tam
979 1325 1239 1385 beneficus7
1268 1325 1573 1388 obsequiosus
1589 1328 1673 1372 hu-

266 1417 528 1463 manusque
553 1401 718 1461 fuerat,
748 1402 1157 1460 animadverteret,
1185 1404 1280 1448 suis
1306 1402 1528 1448 omnibus
1553 1404 1673 1449 inhi-

263 1477 419 1523 buisse
446 1478 606 1538 fertur,
635 1478 790 1524 adhue
813 1479 992 1524 Parisiis
1018 1479 1258 1538 exsistens,
1291 1496 1349 1525 ne
1377 1480 1482 1541 quis
1502 1479 1560 1525 de
1581 1481 1674 1526 suis

266 1555 360 1616 regi
384 1571 470 1617 pro
495 1554 652 1600 officio
670 1555 829 1618 aliquo
851 1573 931 1602 seu
955 1572 1150 1601 munere
1168 1566 1247 1601 aut
1266 1557 1358 1602 alio
1374 1573 1673 1619 quocumque

264 1630 529 1694 supplicare
552 1631 762 1677 auderet.
793 1633 1088 1694 Agnoscehat
1108 1633 1234 1678 enim
1250 1643 1294 1678 et
1309 1633 1417 1678 satis
1433 1633 1531 1695 jam
1547 1649 1676 1678 com-

265 1718 451 1770 pertum
490 1708 723 1767 hahebat,
754 1710 941 1772 qualem
978 1711 1190 1755 animum
1215 1709 1275 1754 ad
1307 1709 1533 1770 gratiam,
1575 1726 1670 1754 non

266 1784 421 1829 modo·
444 1785 763 1843 referendam,
799 1787 876 1832 sed
915 1797 955 1832 et
994 1787 1053 1832 ad
1089 1786 1355 1832 habendam
1390 1803 1469 1831 seu
1495 1803 1671 1831 memo·

265 1860 479 1919 rendam,
508 1872 688 1923 gereret
712 1866 738 1919 ¹,
767 1880 853 1926 pro
883 1873 950 1908 tot
971 1866 1202 1925 tantisque
1225 1864 1427 1927 acceptis
1439 1861 1673 1908 beneficiis

264 1948 309 1983 et
334 1938 498 1985 officiis
521 1941 675 2000 qualia
701 1941 826 2003 apud
863 1958 938 1999 se,
968 1941 1081 1986 dum
1119 1957 1226 1985 eum
1257 1940 1508 2003 profugum
1532 1948 1672 2001 atque

265 2016 470 2060 exsulem
510 2016 572 2061 ob
611 2016 987 2078 indignationem
1022 2018 1265 2079 minasque
1295 2026 1534 2080 paternas,
1579 2025 1671 2060 lain

266 2091 475 2136 officiose
490 2103 532 2137 et
552 2093 784 2140 benevole
802 2095 1074 2157 excepisset,
1105 2093 1673 2154 h<›noi-ilicentissimeque

268 2177 505 2213 tractasset
530 2180 668 2231 atque
695 2181 1009 2234 procurasset,
1031 2171 1154 2216 idem
1176 2170 1449 2231 magnificus
1473 2178 1517 2214 et
1542 2168 1674 2229 beni-¹

267 2262 383 2306 gnus
406 2247 623 2310 princeps
647 2249 939 2302 exhibuerat,
959 2248 1090 2293 nullo
1111 2258 1264 2293 tamen
1287 2262 1476 2310 prorsus
1497 2245 1671 2308 abipso

266 2332 459 2384 perante
481 2322 638 2368 officio
668 2335 947 2387 praeventus,

332 2399 537 2460 Contigit
565 2410 721 2445 autem
757 2411 802 2446 et
831 2401 956 2446 aliud
990 2401 1114 2446 unde
1146 2401 1285 2445 etiam
1310 2399 1432 2444 idem
1463 2401 1673 2460 Burgun-

323 2543 358 2576 1.
392 2541 559 2590 Georges
589 2540 815 2577 Chastcllain
841 2543 984 2591 (partie
1008 2545 1044 2589 I,
1074 2543 1132 2578 ch.
1166 2546 1272 2587 xxm)
1297 2542 1358 2578 fait
1383 2549 1555 2578 ressortn'
1581 2554 1674 2578 avec

270 2600 468 2648 beaucoup
489 2600 535 2635 de
554 2599 715 2635 vivacite
737 2599 1005 2636 l'indiscretion
1027 2601 1092 2637 des
1112 2601 1316 2638 demandes
1338 2600 1530 2637 adressees
1550 2613 1596 2637 au
1618 2599 1672 2635 roi

271 2673 339 2709 par
359 2658 424 2695 des
451 2659 594 2709 legions
622 2658 668 2695 de
693 2658 915 2694 sollieiteurs
934 2660 999 2707 qui
1021 2661 1158 2696 etaient
1177 2674 1296 2697 venus
1317 2660 1366 2696 du
1390 2659 1553 2696 Brahant
1572 2667 1605 2695 et
1626 2658 1672 2693 de

272 2716 307 2754 la
328 2717 502 2754 Flandre.
530 2717 627 2755 C'est
653 2716 773 2767 plutot
795 2716 828 2752 lin
850 2716 882 2752 le
903 2717 1012 2753 motis
1030 2717 1074 2753 de
1101 2718 1135 2754 la
1162 2718 1314 2756 defense
1335 2718 1422 2755 faite
1443 2731 1510 2767 par
1530 2717 1562 2753 le
1582 2716 1668 2752 duc.
