1923 3020
693 216 837 251 LIBER
866 216 1131 252 SECUNDUS.
1539 217 1612 253 127

283 304 389 347 Erat
421 311 578 348 autem
610 300 854 365 perfacile,
881 301 1108 364 quoniam
1142 318 1247 358 rex,
1276 301 1335 347 de
1361 302 1469 365 ipsis
1501 318 1617 347 con-

214 377 324 423 fisus
349 378 559 441 nihilque
583 378 764 423 adversi
787 379 1071 441 suspicatus,
1108 379 1173 424 eis
1198 395 1361 424 curam
1383 389 1426 424 et
1452 388 1620 425 custo—

215 454 341 501 diam
365 455 509 517 ipsius
533 455 662 501 urbis
698 465 743 501 et
772 456 890 501 arcis
920 455 1130 518 ejusdem
1160 457 1476 503 commiserat.
1507 459 1621 512 Quae

215 546 313 587 arx,
350 540 395 575 et
428 530 487 575 ad
529 547 722 593 campos
754 541 799 576 et
839 530 897 576 ad
938 531 1131 589 urbem,
1175 533 1409 593 ingressus
1451 532 1622 579 liberos

217 616 357 668 atque
382 607 532 652 exitus
561 607 718 652 habet.
748 610 1034 670 Conceptani
1063 609 1201 669 igitur
1224 609 1345 654 inter
1367 626 1414 655 se
1435 619 1479 654 et
1513 625 1621 655 suos

215 691 521 728 assectatores
558 681 830 744 hujusmodi
881 682 1194 730 defectionem
1243 695 1289 730 et
1328 685 1621 730 voluntatem

215 757 547 804 denuntiatum
604 760 832 805 miserunt
884 759 1116 822 praecipue
1173 761 1370 806 domino
1416 761 1586 806 Carolo
1604 796 1617 817 ‚

215 850 439 896 germano
465 835 606 897 regis,
635 846 680 881 et
712 836 874 881 comiti
898 836 1124 880 Dunensi.
1157 837 1248 892 Qui
1276 837 1335 882 de
1360 853 1415 883 ea
1441 854 1490 882 re
1515 837 1620 900 plu-

215 910 390 956 rimum
421 912 563 973 gavisi
588 922 717 971 sunt,
739 923 784 958 et
809 911 936 958 nullo
957 911 1104 957 modo
1126 928 1230 957 eam
1262 913 1617 975 negligendam,

215 987 297 1034 sed
333 997 432 1034 tota
471 989 707 1051 diligentia
743 988 1120 1052 prosequendam
1164 1005 1262 1034 esse
1305 999 1616 1049 censuerunt3

215 1081 365 1128 eoque
396 1066 568 1128 gratior
598 1076 641 1112 et
665 1067 901 1129 acceptior
926 1064 1218 1129 principibus
1243 1065 1352 1124 suit,
1381 1067 1539 1127 quod,
1571 1077 1620 1112 ut

215 1143 440 1189 domiuus
473 1145 666 1190 Carolus
699 1145 923 1190 ducatum
956 1145 1257 1189 Normanniae
1292 1155 1620 1206 assequeretur

215 1219 389 1283 (quem
411 1237 437 1266 a
460 1231 592 1285 patre
613 1221 698 1267 sibi
720 1221 950 1267 donatum
975 1221 1110 1266 fuisse
1136 1220 1397 1283 ferebant),
1422 1239 1619 1284 magno-

214 1314 326 1360 pere
342 1298 594 1361 cupiebant
609 1315 773 1344 01111105
793 1298 1025 1362 principes
1041 1306 1084 1343 et
1100 1298 1215 1343 socii
1240 1298 1469 1344 factionis.
1491 1300 1617 1345 Exis-

215 1373 445 1420 timabant
468 1376 595 1420 enim
619 1392 716 1420 11011
745 1374 1068 1438 imprudenter
1090 1374 1250 1436 quod,
1282 1374 1363 1420 ubi
1387 1378 1619 1422 Norman-

215 1450 343 1496 niam
381 1462 619 1497 assecutus
655 1451 776 1496 foret
812 1451 966 1513 (quae,
1007 1451 1106 1495 51110
1143 1450 1300 1513 aliqua
1338 1452 1618 1498 intermedia

216 1536 358 1586 terra,
388 1545 440 1574 ex
467 1545 562 1573 uno
582 1537 791 1573 extremo
814 1527 921 1573 duci
945 1528 1210 1584 Britanniae,
1232 1544 1288 1573 ex
1307 1527 1452 1575 altero
1475 1547 1616 1588 vem,

216 1603 406 1650 modico
449 1614 644 1667 excepto
690 1603 966 1662 intervallo,
1007 1604 1140 1650 terris
1172 1604 1305 1650 ducis
1339 1606 1620 1668 Burgundiae

216 1680 587 1742 conterminat),
618 1681 744 1743 ipsos
771 1690 862 1725 tres
887 1681 1148 1744 principes,
1192 1681 1253 1726 ita
1284 1698 1332 1727 se
1367 1683 1478 1745 ipsis
1502 1684 1619 1728 vici-

216 1766 404 1811 nantes,
435 1756 566 1802 facile
594 1772 641 1801 se
674 1766 839 1801 contra
860 1773 1014 1818 regem
1034 1767 1078 1802 et
1104 1757 1220 1803 alios
1249 1757 1337 1803 sibi
1366 1758 1618 1804 foederatos

215 1847 354 1894 posse
378 1832 517 1877 tutari
541 1847 594 1877 ac
618 1831 871 1877 defendere
910 1833 1038 1893 (cum
1061 1833 1200 1878 etiam
1227 1843 1271 1878 et
1302 1833 1455 1879 littora
1477 1835 1618 1879 maris

216 1908 498 1967 tenuissent,
525 1924 551 1954 a
589 1907 762 1953 finibus
785 1907 1013 1954 Flandriae
1047 1926 1196 1971 usque
1225 1910 1478 1955 Pictaviam
1496 1911 1541 1971 )‚
1573 1921 1618 1956 et

215 2000 301 2046 per
335 1984 427 2029 hoc
462 2001 626 2030 eorum
668 1984 888 2047 potentiae
926 1994 1066 2047 atque
1094 1985 1297 2042 viribus,
1335 1986 1399 2031 sic
1429 1996 1615 2032 conter—

217 2060 506 2106 minantibus
524 2071 567 2106 et
579 2061 857 2122 conjunctis,
874 2076 1030 2121 regem
1044 2061 1353 2106 verisimiliter
1368 2062 1618 2125 praevalere

215 2157 313 2185 non
331 2157 485 2204 posse3
509 2150 674 2185 contra
690 2156 831 2202 quem
852 2140 1009 2194 etiam,
1031 2140 1067 2184 si
1088 2140 1325 2201 ingrueret
1349 2141 1614 2201 necessitas,

218 2216 349 2262 facile
373 2217 431 2263 ab
456 2216 619 2278 Anglia
646 2224 837 2279 possent
859 2215 1028 2261 auxilia
1054 2214 1284 2262 obtinere.

281 2296 487 2357 Operam
510 2294 676 2339 dantes
700 2302 749 2337 ut
779 2308 832 2337 ea
865 2308 965 2348 res,
1001 2290 1059 2336 de
1085 2308 1178 2354 qua
1212 2291 1612 2353 sollicitabantur,

217 2370 426 2416 votivum
452 2387 505 2416 ac
537 2370 737 2416 celerem
766 2368 1008 2414 sortiretur
1035 2368 1279 2426 effectum,
1304 2370 1474 2416 ducem
1509 2375 1618 2416 Bor-

216 2446 375 2505 bonii,
406 2446 600 2492 nomine
626 2462 678 2491 ac
705 2446 803 2491 vice
843 2444 986 2507 ipsius
1018 2444 1201 2490 domini
1226 2447 1410 2506 Caroli,
1441 2448 1618 2493 801110-

219 2540 409 2586 magum
446 2540 530 2587 per
566 2524 861 2567 Pontisaram
897 2521 1204 2568 destinarunt.
1244 2523 1360 2582 Qui,
1402 2541 1511 2569 011111
1546 2524 1618 2570 1115

217 2617 333 2662 quas
353 2600 557 2647 habebat
579 2600 751 2663 copiiS,
773 2599 974 2661 acceptis
1000 2599 1140 2644 etiam
1164 2599 1351 2645 duobus
1375 2602 1444 2646 vel
1473 2601 1618 2646 tribus

217 2679 423 2725 millibus
447 2679 659 2741 equitum
686 2694 738 2723 ex
766 2675 1048 2734 Britonilms,
1066 2693 1272 2740 propero
1290 2694 1428 2724 cursu
1450 2680 1618 2725 Rotho-
