1923 3020
749 259 890 293 LIBER
918 258 1160 302 QUARTUS.
1583 259 1657 294 292}

259 345 474 404 duxerat,
505 347 769 406 Sequanam
794 353 913 387 esset
938 343 1257 389 transiturus¹.
1288 344 1338 389 ld
1364 353 1520 389 tamen
1538 380 1548 398 ,
1580 361 1657 390 seu

259 432 452 486 propter
496 421 714 466 transitus
759 419 1083 464 difficultatem
1122 429 1167 465 et
1205 420 1421 466 locorum
1468 421 1659 466 nimiam

258 497 549 551 distantiam,
589 512 669 540 seu
708 495 837 558 quod
878 497 1071 541 sentiret
1106 496 1327 542 eumdem
1359 497 1555 553 ducem,
1585 497 1660 542 cui

258 571 507 617 nonnullas
530 572 690 634 copias
714 588 791 617 rex
821 571 1013 633 Angliae‘2
1033 572 1304 630 destinarat,
1333 573 1392 618 ad
1415 573 1528 618 fines
1553 588 1661 618 suos

259 648 475 694 tutandos
509 649 615 693 satis
643 665 742 694 esse
779 651 1064 712 potentem3,
1095 651 1288 695 minime
1327 650 1476 695 facere
1515 659 1662 694 tenta-

258 728 335 772 vit.
370 726 460 771 Sed
488 736 641 772 vastos
668 726 768 771 illos
792 726 1058 772 Caletenses
1082 743 1218 788 agros
1252 736 1552 790 pervagatus,
1583 728 1662 788 qui

256 804 377 848 inter
417 805 727 848 Summonam
774 814 817 849 et
861 806 1128 866 Sequanam
1166 804 1361 849 flumina
1407 804 1480 848 siti
1525 814 1659 862 sunt,

256 882 415 926 omnia
439 881 639 925 nimium
663 880 915 926 crudeliter
943 881 1168 926 vastando
1185 917 1195 937 ‚
1225 881 1483 926 cremando
1511 891 1555 927 et
1578 898 1663 945 po-

256 956 493 1019 pulando,
523 957 872 1019 Rothomagum
891 975 1038 1020 usque
1062 957 1322 1003 contendit.
1352 960 1406 1002 Et
1432 957 1536 1003 licet
1560 957 1664 1021 plu-

258 1049 328 1077 res
359 1033 483 1091 dies,
508 1049 561 1079 ea
584 1035 815 1097 patrando
836 1045 975 1097 atque
995 1035 1194 1098 patriam
1214 1034 1574 1093 circumeundo,
1600 1034 1662 1080 ibi

257 1121 517 1156 remoratus
548 1111 708 1168 suerit,
740 1124 783 1157 et
810 1113 855 1156 in
879 1112 1018 1157 variis
1051 1111 1167 1156 locis
1188 1121 1337 1157 castra
1370 1121 1566 1157 metatus
1590 1113 1662 1175 (in

256 1186 427 1248 quibus
452 1203 669 1248 magnam
696 1189 804 1232 satis
828 1189 1037 1251 inopiam
1064 1204 1264 1233 annonae
1291 1197 1334 1232 et
1372 1198 1664 1235 commeatus

256 1272 471 1326 expertus
503 1263 638 1324 fuit),
664 1265 800 1325 regiae
838 1274 991 1309 tamen
1031 1264 1206 1309 militiae
1242 1264 1384 1310 duces
1412 1266 1660 1329 praecipui,

255 1341 334 1402 qui
370 1341 492 1385 circa
517 1350 717 1387 tractum
752 1341 882 1386 illum
909 1341 965 1386 ad
995 1341 1223 1386 tuendam
1252 1343 1448 1404 patriam
1474 1342 1663 1406 plurimi

256 1433 352 1462 esse
377 1416 665 1473 ferebantur,
693 1434 937 1479 nunquam
964 1435 1070 1463 eum
1090 1418 1278 1480 aggredi
1302 1418 1426 1464 bello
1450 1436 1538 1465 nec
1555 1436 1661 1466 cum

257 1510 312 1538 eo
338 1493 559 1540 dimicare
582 1495 681 1540 ausi
706 1495 910 1540 fuerunt.
938 1497 1062 1540 Bene
1080 1511 1188 1539 cum
1210 1495 1444 1557 aliquibus
1462 1496 1664 1543 militum

257 1570 531 1616 cohortibus
568 1571 804 1616 interdum
851 1588 877 1617 a
912 1571 1053 1616 latere
1084 1587 1194 1615 eum
1236 1571 1598 1632 adequitabant,
1627 1574 1663 1618 si

257 1664 375 1710 quos
399 1664 424 1692 a
450 1647 609 1692 castris
641 1657 684 1692 et
722 1648 927 1693 exercitu
951 1647 1136 1709 longius
1160 1646 1432 1693 aberrantes
1459 1648 1663 1694 invenis-

257 1733 384 1779 sent,
411 1724 481 1768 vel
509 1724 817 1786 perimentes,
847 1724 918 1768 vel
954 1723 1166 1786 captivos
1202 1723 1447 1781 ducentes,
1489 1725 1570 1770 sed
1604 1725 1663 1772 ab

257 1800 466 1845 ineundo
492 1801 650 1863 praelio
680 1810 819 1862 atque
853 1801 1110 1845 certamine
1144 1800 1330 1863 penitus
1355 1811 1588 1846 cessantes
1611 1817 1664 1847 ac

256 1887 472 1923 caventes
499 1879 515 1939 (
534 1878 663 1940 quod
689 1895 737 1923 se
762 1893 785 1922 a
811 1893 917 1938 rege
942 1877 988 1922 in
1014 1877 1247 1923 mandatis
1279 1878 1515 1941 accepisse
1547 1879 1663 1924 fere-

255 1954 392 1999 batur
415 1971 440 1999 a
466 1954 758 2017 nonnullisJ13
783 1964 853 2009 et,
875 1954 911 1999 si
933 1954 1128 2016 quando
1147 1971 1195 1999 se
1215 1955 1409 2018 propius
1430 1955 1664 2000 admovis-

256 2042 383 2089 sent,
411 2049 517 2077 cum
545 2032 904 2093 Burgundiones
929 2032 1015 2077 sibi
1043 2032 1230 2093 injicere
1252 2034 1264 2055 ⁵
1284 2033 1660 2096 conspexissent,

258 2124 341 2170 per
367 2108 522 2171 fugam
549 2126 641 2154 suae
667 2109 803 2154 saluti
824 2108 1151 2154 consulebant.

324 2187 466 2230 Fuere
494 2195 649 2232 tamen
676 2185 865 2248 plurimi
894 2185 976 2247 qui
1006 2184 1261 2247 proditioni
1287 2185 1471 2230 comitis
1489 2186 1663 2230 Sancti-

263 2262 416 2318 l'auli,
444 2261 713 2325 principalis
752 2262 894 2307 totius
927 2262 1099 2306 militiae
1138 2262 1274 2323 regiae
1309 2262 1441 2307 ducis
1465 2271 1510 2307 et
1541 2263 1659 2324 regis

316 2438 325 2470 1
340 2465 347 2471 .
381 2437 592 2475 Commines
606 2438 660 2474 dit
675 2439 884 2475 seulement
903 2436 995 2487 qu’il
1013 2437 1114 2474 avait
1129 2437 1206 2488 pris
1226 2437 1479 2475 rendez-vous
1493 2439 1513 2474 a
1528 2439 1660 2474 Rouen

257 2507 349 2531 avec
368 2494 402 2530 le
425 2494 497 2531 duc
520 2495 566 2532 de
585 2499 783 2548 Bretagne.
806 2500 849 2535 L.
872 2500 942 2546 ΙΙΙ,
964 2511 995 2535 c,
1025 2511 1061 2535 Χ.

310 2555 347 2588 2.
386 2556 524 2600 Qmss...
549 2569 596 2589 ea:
621 2558 759 2605 Anglia
782 2556 874 2594 dans
900 2557 933 2593 le
956 2570 1023 2593 ins.

312 2616 347 2649 3.
381 2615 518 2649 Fausse
540 2614 756 2660 conjecture
777 2615 824 2651 de
844 2615 1019 2653 l’auteur.
1046 2619 1097 2653 Le
1117 2616 1189 2653 duc
1215 2617 1260 2653 de
1285 2618 1485 2666 Bretagne‚
1506 2615 1571 2666 qui
1592 2615 1658 2652 de-

259 2672 331 2708 vait
356 2674 550 2708 s⁷avancer
573 2675 592 2708 ἐι
613 2676 760 2719 Romen,
784 2687 948 2723 manqua
969 2674 1015 2711 dc
1036 2674 1166 2725 parole
1187 2677 1206 2712 a
1229 2688 1296 2712 son
1319 2674 1420 2711 aliie.

311 2734 344 2767 4,
380 2734 530 2778 Irzy‘rere
552 2731 644 2768 dans
668 2732 701 2768 le
723 2745 790 2768 ins.
813 2735 1003 2770 Peut-etre
1026 2739 1224 2771 incurrere.
