1923 3020
294 251 368 286 196
659 245 999 282 HISTORIARUM
1028 245 1263 281 LUDOVICI
1288 246 1343 280 XI

293 335 671 399 aggravationes,
715 332 1039 391 anathemata,
1085 333 1228 378 totius
1268 332 1428 395 patriae
1466 334 1699 393 generalia

290 411 541 458 interdicta
573 428 584 454 :
617 426 734 472 quas
773 426 993 456 censuras
1034 426 1201 455 omnes
1239 409 1500 455 diutissime
1538 409 1697 456 animo

287 487 557 534 contumaci
583 497 725 550 atque
750 486 912 533 rebelli
935 487 1280 544 sustinuerunt,
1311 486 1488 533 nullam
1514 486 1699 532 illarum

286 565 625 611 relaxationem
658 564 879 627 prosequi
915 580 996 609 seu
1033 563 1248 609 obtinere
1283 574 1515 610 curantes.
1556 564 1701 609 Fasti-

285 642 418 688 dium
442 641 570 687 enim
592 640 858 702 legentibus
888 641 1045 687 forsan
1075 650 1319 703 generaret
1343 650 1482 686 tantae
1508 657 1699 687 eorum-

285 715 393 762 dem
419 715 707 779 pertinaciae,
726 716 822 761 imo
841 715 1107 761 stoliditatis
1130 725 1271 779 atque
1296 715 1698 777 stultitiaelongius

283 792 515 857 producta
547 794 773 839 narratio.
815 793 1087 838 Omittimus
1122 793 1262 839 etiam
1296 793 1466 838 referre
1497 793 1698 856 qualiter

283 886 366 917 sua
414 870 919 934 praesumptuosissima
958 870 1189 928 fatuitate,
1229 870 1506 934 episcopum
1553 870 1695 916 alium

283 949 381 1006 cui,
418 965 504 993 suo
538 958 720 1011 spreto,
756 957 997 1012 parerent,
1033 949 1242 994 Marcum
1275 947 1513 1006 videlicet,
1547 948 1694 994 filium

283 1026 569 1072 marchionis
597 1025 858 1083 Badensis¹,
894 1026 1206 1071 accersierunt
1244 1034 1290 1069 et
1317 1023 1377 1069 ad
1409 1041 1540 1071 suam
1582 1025 1695 1070 civi-

282 1113 422 1150 tatem
448 1102 778 1149 advocar11nt2.
810 1102 877 1147 Ad
902 1118 1045 1165 quam
1067 1118 1177 1147 cum
1207 1111 1382 1147 temere
1413 1102 1521 1147 satis
1555 1111 1695 1164 atque

281 1179 563 1237 inconsulte,
586 1179 708 1224 illius
731 1179 885 1224 insani
904 1189 1044 1242 atque
1065 1178 1224 1224 furiosi
1246 1177 1413 1242 populi
1430 1179 1696 1242 promissio-

280 1257 418 1303 nibus
453 1256 666 1314 allectus,
706 1256 995 1313 accessisset,
1036 1271 1203 1300 eorum
1238 1254 1382 1318 paulo
1416 1266 1523 1318 post
1558 1256 1696 1303 furias

279 1344 421 1397 atque
453 1334 658 1379 insanias
688 1342 977 1391 exsecratus,
1011 1331 1211 1377 consilio
1245 1331 1439 1378 meliore
1472 1343 1691 1397 accepto,

280 1411 340 1458 ab
363 1412 428 1457 eis
447 1411 674 1471 discessit,
703 1419 749 1456 et
774 1410 969 1456 minime
995 1409 1247 1469 rediturus,
1270 1408 1329 1455 ad
1349 1411 1541 1474 propria
1565 1427 1696 1475 repe—

281 1487 450 1534 davitss.

333 1646 370 1683 1.
401 1643 507 1681 Lisez
524 1645 698 1693 fratrem,
718 1655 783 1681 car
802 1643 827 1680 il
850 1643 959 1695 s'agit
977 1642 1029 1680 du
1043 1643 1211 1694 marquis
1231 1643 1332 1681 alors
1346 1644 1521 1694 regnant,
1542 1644 1696 1682 Charles

276 1703 322 1740 de
342 1703 460 1749 Bade,
482 1703 548 1753 qui
572 1703 659 1739 etait
681 1704 715 1740 le
740 1704 843 1741 frere
864 1703 911 1741 de
932 1706 1050 1740 Marc.

333 1765 369 1799 Ξ.
403 1765 507 1799 Marc
529 1761 574 1799 de
595 1762 697 1799 Bade
719 1763 773 1799 sut
793 1762 945 1813 appele,
971 1762 1006 1800 le
1027 1764 1076 1799 24
1098 1776 1198 1800 mars
1221 1765 1339 1811 1465,
1361 1775 1438 1800 non
1462 1777 1529 1814 pas
1548 1777 1695 1801 comme

279 1822 448 1871 eve-que,
474 1822 569 1859 mais
592 1836 740 1860 comme
764 1822 984 1870 niainliour,
1009 1823 1149 1875 charge
1173 1823 1455 1861 ‹l’administrer
1475 1824 1527 1861 les
1547 1824 1694 1860 afl'aires

279 1882 536 1932 temporelles.
566 1883 641 1919 Son
667 1883 753 1919 titre
779 1882 916 1919 officiel
939 1882 1028 1919 ctait
1052 1898 1058 1918 z
1091 1901 1104 1914 υ
1127 1885 1277 1919 Marcus
1304 1881 1351 1919 (le
1376 1885 1530 1925 Bmlen,
1560 1896 1694 1933 regens

279 1949 316 1977 et
346 1940 580 1992 gubernator
612 1954 655 1978 ac
691 1942 977 1979 administrator
1011 1943 1144 1993 pati-ize
1170 1942 1415 1987 Leodiensis,
1453 1943 1612 1979 ducatus
1648 1942 1694 1978 de

280 2002 426 2036 Bullmn
449 2009 484 2037 et
503 2000 702 2038 comitatus
719 2002 927 2040 Lossensis.
950 2020 966 2035 n
984 2002 1177 2040 Adrianus
1197 2002 1243 2039 de
1258 2000 1545 2042 Veteri-Bosco,
1564 2005 1690 2050 Ampl.

282 2061 459 2106 collectio,
482 2068 508 2098 t.
535 2062 600 2106 IV,
626 2060 699 2097 col.
722 2062 822 2097 1257
847 2069 884 2098 et
905 2063 1021 2098 1270.

338 2120 372 2155 3.
407 2121 453 2155 Sa
475 2119 627 2156 reti-aite
647 2128 702 2156 est
722 2120 965 2170 representce
983 2134 1071 2157 sous
1091 2134 1142 2157 un
1159 2129 1266 2158 autre
1283 2121 1372 2168 jour
1392 2133 1460 2170 par
1479 2133 1530 2156 un
1552 2120 1693 2156 temoin

283 2176 450 2214 oculaire
472 2194 478 2213 ς
508 2197 523 2212 «
548 2181 691 2225 Quarta
718 2179 964 2230 septembris,
992 2180 1225 2218 obsederunt
1247 2180 1476 2218 Leodienses
1504 2180 1632 2217 villam
1658 2188 1694 2216 et

283 2244 445 2272 castrum
474 2237 520 2274 (10
553 2239 813 2287 Falcomonte3
844 2249 879 2278 et
906 2249 995 2277 tune
1019 2240 1190 2278 marchio
1215 2239 1435 2287 (Badensis)
1464 2253 1549 2277 cuni
1579 2240 1694 2276 fratre

285 2306 354 2330 suo
377 2296 544 2343 (Marco)
571 2306 607 2334 et
632 2298 873 2347 Alemannis,
897 2299 963 2349 qui
984 2312 1111 2337 secum
1132 2308 1337 2346 venerant,
1361 2299 1536 2336 omnibus
1555 2299 1694 2336 relictis

285 2365 369 2402 quae
389 2366 518 2390 secum
538 2356 756 2403 attulerant,
771 2358 933 2395 latenter
949 2359 1117 2406 recessit,
1139 2358 1274 2396 timore
1291 2357 1361 2395 sibi
1380 2358 1547 2407 incusso,
1565 2358 1694 2395 nescio

286 2411 399 2449 unde.
423 2428 441 2446 :o
465 2413 629 2461 Ibidem,
649 2416 722 2455 col.
749 2419 863 2454 1280.
