1923 3020
716 271 858 306 LIBER
888 271 1113 315 QUINTUS.
1542 271 1616 305 403

218 359 446 420 requisitae
462 360 489 403 ¹.
517 357 607 402 Sed
627 356 879 403 multitudo
901 358 1047 403 nimia
1066 367 1164 403 erat
1180 357 1418 421 (universa
1443 355 1618 402 scilicet

218 434 362 480 ferme
386 433 604 480 nobilitas
627 434 809 479 illarum
831 435 1104 480 inferiorum
1131 433 1426 496 regionum),
1441 449 1545 496 quae
1568 432 1616 477 in

218 511 444 557 sententia
466 526 564 554 non
589 509 841 556 obediendi
866 509 1098 555 mandatis
1128 510 1380 555 immobilis
1409 509 1618 573 persiste-

218 586 322 646 bat3
344 603 469 648 quae,
493 596 538 631 et
554 586 635 631 ubi
653 587 834 649 aliquos
854 587 957 648 capi
980 596 1024 630 et
1044 586 1104 631 ad
1120 587 1348 649 supplicia
1364 587 1436 631 vel
1458 601 1618 649 poenas

217 662 426 726 protrahi
451 664 770 724 cognovisset,
797 661 855 706 ad
880 661 1125 706 formalem
1153 663 1458 707 r-bellionem
1478 671 1524 707 et
1546 661 1622 707 de-

216 740 463 784 fectionem
512 739 703 784 totalem
738 738 1006 800 provincias
1038 738 1348 783 verisimiliter
1386 739 1618 784 concitas-

216 825 298 860 set.
330 816 396 861 Ad
428 816 520 861 hoc
546 817 673 861 enim
701 816 810 860 satis
835 815 1087 860 voluntarii
1111 815 1422 877 provinciales
1445 815 1618 878 passim

215 890 279 936 ibi
304 908 402 937 esse
425 891 734 949 videbantur,
771 907 931 953 graves
955 890 1170 935 dietenus
1196 890 1255 936 de
1280 892 1489 954 principe
1510 907 1622 953 que-

215 967 332 1012 relas
357 967 672 1030 deponentes,
708 967 838 1030 quod
870 984 976 1022 eos,
1013 976 1178 1013 contra
1202 968 1372 1030 patrias
1405 968 1621 1030 antiquas

213 1043 448 1089 libertates
472 1054 515 1088 et
550 1060 603 1089 ea
639 1060 740 1106 quae
765 1044 930 1106 saepius
965 1044 1140 1088 eisdem
1175 1044 1488 1106 promisisset,
1516 1060 1620 1106 gra-

215 1119 411 1165 vissimis
435 1120 766 1166 collationibus
789 1130 834 1166 et
856 1120 1158 1182 vectigalibus
1187 1131 1420 1166 oneraret.

278 1198 467 1241 Fecerat
500 1197 716 1258 praefatus
756 1196 1060 1242 cancellarius
1098 1197 1346 1259 caeterique
1384 1197 1443 1243 de
1473 1198 1617 1261 ipsius

214 1272 438 1329 consilio,
477 1273 557 1335 qui
594 1272 820 1317 Flandriae
856 1283 901 1318 et
943 1273 1200 1318 Brabantiae
1238 1273 1621 1320 administrandis

214 1359 466 1410 praeerant,
489 1350 762 1410 congregari
780 1351 932 1394 Status
958 1350 1214 1412 patriarum
1241 1351 1464 1414 principis
1489 1366 1620 1396 man-

214 1421 350 1468 dato.
385 1423 443 1469 ab
477 1425 540 1468 eis
566 1425 785 1486 expositis
818 1424 905 1468 sibi
944 1434 988 1469 et
1025 1425 1210 1469 retextis
1235 1426 1614 1485 necessitatibus,

213 1498 384 1560 quibus
422 1501 639 1562 princeps
675 1501 954 1544 constrictus
989 1500 1290 1546 arctabatur:
1323 1511 1532 1563 petentes
1566 1512 1617 1547 ut

212 1574 270 1619 de
293 1575 484 1637 alicujus
506 1592 639 1621 novae
656 1575 917 1621 collationis
940 1575 1028 1621 sibi
1053 1576 1222 1622 vellent
1247 1576 1421 1622 auxilio
1442 1577 1614 1629 subve—

214 1651 329 1696 nire.
358 1652 499 1707 Quod
523 1669 631 1697 cum
655 1652 966 1715 provinciales
986 1663 1239 1714 negarent,
1263 1670 1288 1699 e
1311 1653 1496 1699 diverso
1521 1671 1617 1699 ma-

212 1743 356 1788 gnum
389 1739 434 1773 et
471 1745 609 1790 grave
648 1729 836 1792 pondus
869 1729 1167 1792 vectigalium
1200 1740 1245 1775 et
1280 1730 1609 1789 collectarum,

211 1820 315 1866 quae
353 1804 564 1850 dietenus
601 1805 756 1851 adhuc
797 1817 1038 1852 currerent
1071 1816 1115 1852 et
1149 1807 1208 1852 ad
1241 1817 1419 1852 certum
1457 1808 1613 1854 adhuc

211 1895 444 1925 annorum
482 1898 732 1926 numerum
769 1881 1023 1938 durarent,
1071 1884 1408 1946 superioreque
1453 1900 1608 1943 anno,

211 1973 341 2018 paene
364 1974 502 2021 supra
526 1959 684 2020 patriae
713 1967 756 2003 et
790 1958 955 2021 populi
982 1959 1104 2004 vires
1122 1996 1133 2017 ,
1160 1977 1393 2006 concessae
1423 1962 1613 2006 exstite-

212 2042 338 2092 rant,
369 2051 455 2096 pro
474 2050 554 2079 sua
574 2035 871 2080 excusatione
890 2035 1171 2097 allegabant.
1197 2039 1346 2083 Porro
1366 2054 1474 2083 cum
1498 2038 1610 2084 dicti

212 2108 429 2154 officiales
470 2111 736 2155 arctissimis
769 2111 994 2174 principis
1029 2112 1262 2159 mandatis
1283 2150 1294 2169 ‚
1336 2114 1608 2161 saevissimas

211 2185 557 2231 continentibus
578 2188 990 2246 comminationes,
1015 2200 1342 2251 premerentur
1358 2200 1499 2254 atque
1520 2202 1609 2238 ter—

210 2271 443 2321 rerentur,
485 2273 529 2308 et
563 2274 809 2326 propterea
848 2265 1157 2327 provinciales
1195 2266 1255 2312 ad
1290 2267 1530 2331 implenda
1563 2279 1609 2315 et

210 2339 504 2400 exsequenda
557 2341 780 2404 principis
828 2342 1048 2387 mandata
1093 2343 1267 2389 vellent
1319 2362 1568 2408 perurgere
1593 2384 1602 2404 ,

210 2415 517 2460 convolarunt
541 2426 768 2462 terrarum
791 2419 998 2481 ipsarum
1021 2421 1175 2465 Status
1195 2421 1256 2466 ad
1281 2422 1607 2485 appellationis

210 2492 489 2549 remedium,
512 2502 556 2537 et
576 2509 600 2537 a
618 2493 1116 2555 praedictis-mandatis,
1136 2507 1180 2542 et
1202 2498 1312 2561 ipsis
1333 2500 1473 2545 etiam
1496 2517 1606 2546 can-

210 2569 397 2615 cellario
425 2579 470 2614 et
493 2568 791 2629 officialibus,
818 2571 877 2617 ad
901 2573 1151 2635 ipsummet
1177 2591 1313 2620 suum
1344 2576 1607 2641 principem

265 2739 302 2772 1.
332 2738 514 2783 Reqaisiti
538 2735 629 2773 dans
650 2736 684 2774 le
704 2750 772 2774 ms.
796 2738 825 2774 Il
848 2737 1010 2774 faudrait
1027 2740 1148 2788 plutot
1167 2741 1408 2787 requirendae.
