1923 3020
692 240 834 275 LIBER
862 238 1126 275 SECUNDUS.
1533 237 1549 270 1
1561 237 1608 271 57

215 326 411 373 militem
431 331 467 385 ¹,
488 336 531 372 et
563 325 819 372 Cardinum
842 325 923 370 cles
943 328 1139 381 Essars,
1169 322 1377 368 nobilem
1403 324 1606 376 virum²;

212 404 476 466 imprecans
496 420 580 465 per
602 402 794 447 eosdem
825 402 1059 447 dictorum
1082 400 1349 463 principum
1375 399 1542 446 auxilia
1565 410 1611 446 et

211 478 352 525 fidem
374 480 422 524 in
446 496 529 525 sua
551 490 755 525 extrema
781 479 1052 524 necessitate
1067 480 1094 522 ³.

276 556 368 601 Sed
406 572 542 613 cum,
588 573 674 618 pro
714 565 952 619 tempore,
994 554 1162 600 auxilia
1194 555 1388 600 minima
1427 555 1610 601 mittere

211 649 347 695 posse
383 649 430 677 se
464 642 760 691 excusarent,
789 650 845 678 eo
881 631 1012 692 quod
1046 631 1198 677 dictus
1239 632 1427 677 illustris
1451 649 1611 678 comes

211 726 317 754 suas
348 710 507 772 copias
533 710 575 754 in
612 710 742 754 terris
781 708 1134 763 Leodiensium,
1168 708 1254 753 sibi
1290 709 1610 754 infestissimo-

212 802 315 831 rum
349 785 584 842 hostium,
622 787 882 845 eduxisset,
925 785 1094 848 quibus
1128 795 1240 830 tunc
1277 784 1411 830 valde
1449 802 1610 831 neces-

213 863 335 908 sario
386 864 644 926 indigeret,
691 865 839 926 rogati
881 872 989 908 sunt
1023 862 1162 907 etiam
1207 871 1258 906 ut
1303 879 1387 924 per
1433 862 1610 923 legatos

210 957 365 1003 regem
395 958 702 986 commonere
741 941 938 996 vellent,
974 948 1206 1000 quatenus
1240 940 1604 998 Normanniam,

212 1017 339 1063 fratri
363 1035 450 1063 suo
476 1018 632 1064 datam
652 1054 662 1075 ,
687 1017 919 1063 dimittere
939 1016 1099 1071 vellet,
1124 1015 1498 1078 promissamque
1522 1016 1609 1061 sibi

209 1105 254 1139 et
279 1096 454 1141 caeteris
489 1094 778 1158 principibus
805 1093 1041 1154 sanguinis
1065 1093 1135 1137 sui
1159 1101 1205 1137 et
1230 1093 1432 1154 juratam
1465 1092 1609 1137 fidem

210 1174 404 1219 minime
434 1174 625 1219 violare.
659 1173 800 1228 Quod
835 1172 870 1217 si
902 1171 1193 1235 praetendere
1222 1187 1300 1216 rex
1338 1169 1498 1229 vellet,
1535 1170 1608 1216 vel

210 1268 307 1296 non
353 1268 534 1313 {equam
570 1251 668 1295 fore
707 1249 1009 1313 partitionem
1044 1247 1103 1293 de
1144 1247 1432 1292 {Normannia
1463 1263 1607 1308 quam

213 1329 355 1373 unico
379 1328 462 1372 sibi
498 1328 624 1373 fratri
654 1344 741 1390 pro
762 1336 892 1390 parte
917 1341 998 1370 sua
1018 1324 1309 1370 haereditaria
1333 1324 1602 1386 assignarat,

211 1406 280 1451 vel
316 1406 536 1451 eumdem
564 1406 609 1450 in
645 1422 754 1451 eum
789 1403 962 1465 aliquid
990 1403 1229 1448 admisisse
1256 1411 1451 1465 propter
1476 1401 1607 1464 quod

210 1499 263 1528 ea
289 1483 524 1545 indignus,
554 1483 622 1527 vel
656 1482 858 1544 legitime
891 1479 1147 1543 privandus
1180 1479 1360 1524 censeri
1384 1478 1603 1534 deberet,

207 1559 433 1605 offerebat
462 1560 585 1605 idem
611 1559 704 1604 dux
740 1557 1066 1612 Normanniae⁷
1106 1572 1266 1601 coram
1302 1572 1409 1617 rege
1428 1570 1606 1601 convo-

206 1638 319 1682 catis
344 1647 387 1682 et
407 1636 716 1683 assidentibus
746 1635 939 1681 Paribus
968 1634 1197 1691 Franciae,
1224 1634 1315 1694 juri
1342 1633 1500 1678 sistere
1525 1648 1606 1677 eo-

204 1727 402 1774 rumque
424 1711 620 1757 decretis
640 1710 836 1755 omnino
865 1725 1025 1772 parere
1048 1708 1182 1753 velle.

271 1791 423 1843 Quam
458 1788 796 1833 humanitatem
831 1785 1101 1848 hujusmodi
1134 1785 1369 1848 principes
1408 1781 1607 1827 libentes

213 1875 568 1924 concesserunt,
592 1865 826 1910 mittentes
849 1873 1043 1926 propter
1066 1862 1159 1907 hoc
1177 1861 1394 1906 diversim
1414 1870 1457 1905 et
1482 1859 1606 1921 sigil-

207 1942 364 2000 latim,
392 1953 485 1987 tam
522 1952 653 2004 pater
685 1956 826 2003 quam
860 1939 981 1984 filius
1010 1956 1149 1997 suus,
1184 1954 1293 1983 suos
1322 1937 1525 1997 legatOS,
1562 1945 1608 1980 et

208 2019 463 2065 scribentes
492 2028 586 2063 tam
610 2017 669 2062 ad
695 2034 848 2077 regem
876 2032 1019 2078 quam
1042 2015 1101 2061 ad
1122 2024 1312 2059 caeteros
1344 2013 1602 2076 principes,

212 2097 405 2143 eosdem
430 2096 647 2141 obnixius
674 2094 885 2157 rogando
912 2104 955 2139 et
981 2091 1265 2154 requirendo
1290 2101 1522 2155 quatenus
1542 2090 1603 2135 ita

209 2175 357 2220 facere
378 2174 574 2230 vellent,
593 2183 638 2218 et
657 2173 777 2217 viam
795 2171 911 2233 juris
929 2169 1173 2232 amplecti,
1197 2169 1367 2231 rejecta
1386 2167 1459 2212 via
1477 2167 1601 2212 facti.

205 2250 296 2295 Sed
312 2249 643 2312 hujuscemodi
662 2264 825 2294 eorum
844 2246 1059 2310 precibus
1079 2263 1178 2306 rex,
1202 2245 1606 2309 opportunitatem

209 2327 496 2390 exsequendi
532 2344 634 2390 quae
671 2334 950 2388 conceperat
980 2333 1142 2369 nactus
1176 2323 1333 2385 (juxta
1368 2338 1421 2367 ea
1451 2337 1554 2384 quae
1579 2337 1605 2366 a

211 2404 546 2450 Mediolanensi
578 2404 698 2449 duce
731 2402 816 2448 sibi
855 2402 992 2447 fuisse
1024 2400 1239 2447 consulta
1266 2415 1407 2463 supra
1443 2399 1602 2444 retuli-

208 2480 365 2543 mus),
402 2498 498 2526 non
532 2478 789 2525 obaudivit.
836 2478 926 2534 Qui
961 2479 1116 2523 statim
1149 2486 1401 2540 postquam
1433 2484 1605 2520 statum

259 2601 295 2635 1.
334 2601 476 2635 Brunet
495 2597 542 2635 ‹le
561 2597 821 2648 Longdmmp,
843 2596 1030 2634 chevalier
1048 2595 1249 2635 normand.

262 2661 298 2695 2.
333 2658 471 2696 Cardin
492 2658 558 2695 des
577 2660 736 2705 'Essarts‚
755 2658 906 2707 ecuyer.

262 2721 298 2756 3.
330 2721 420 2755 Von·
440 2718 660 2767 l’Apologie,
683 2717 707 2754 l.
730 2720 761 2765 I,
787 2730 819 2752 C.
842 2730 911 2753 vu.
