1923 3020
712 234 854 269 LIBER
882 234 1122 280 QUARTUS.
1545 236 1619 272 305

222 338 329 366 cum
353 330 459 384 post
484 320 670 366 obitum
691 322 943 382 Johannis⁷
971 323 1104 368 ducis
1127 321 1348 368 Calabriae
1371 331 1417 368 et
1451 323 1618 368 Lotha-

222 398 408 460 lingue,
449 397 659 458 ejusdem
698 400 859 445 Renati
890 400 1010 461 regis
1040 398 1177 457 filii¹‚
1204 399 1380 445 videret
1418 416 1466 445 se
1498 415 1618 461 quo—

221 469 479 516 dammodo
504 471 795 517 indefensam
830 481 970 534 atque
1002 471 1174 517 auxilio
1201 471 1492 528 destitutam,
1532 490 1619 519 nec

222 545 280 590 de
323 545 422 606 ejus
454 545 728 592 defensione
763 564 925 592 curam
960 547 1124 593 haberi
1160 547 1367 594 debitam
1412 566 1498 595 nec
1540 565 1623 613 per

220 621 496 685 praedictum
523 625 782 683 Renalum⁷
816 641 903 669 nec
928 641 1012 687 per
1036 628 1321 669 Francorum
1354 642 1510 688 regem
1544 626 1623 688 (de

220 698 351 759 cujus
373 697 550 743 confisa
583 698 857 744 defensione
882 708 1023 760 atque
1051 700 1261 758 auxiliis,
1289 703 1509 747 eumdem
1537 705 1623 748 Re·

222 782 385 819 natum
412 775 459 819 in
492 790 650 836 regem
685 774 773 820 sibi
807 775 1036 821 acciverat
1070 784 1208 838 atque
1235 781 1621 842 assumpserat2),

220 849 390 913 opibus
416 851 555 896 etiam
594 861 639 896 et
672 851 854 914 populo
879 851 1178 907 exhaustam,
1219 862 1262 897 et
1292 854 1438 900 solitis
1466 872 1624 902 carere

222 926 546 989 vectigalibus,
574 927 794 973 censibus
820 937 865 974 et
896 929 1216 987 commerciis,
1245 946 1299 974 ex
1335 930 1505 991 quibus
1538 949 1621 978 an-

220 1004 389 1049 teriore
416 1014 630 1068 tempore
671 1005 717 1049 in
745 1005 970 1050 maximas
1008 1004 1191 1050 divitias
1224 1015 1267 1050 et
1302 1005 1508 1053 honores
1543 1026 1620 1055 ex-

220 1092 446 1138 creverat,
493 1091 745 1144 postquam
780 1098 1023 1127 armorum
1057 1083 1277 1128 exercitio
1322 1094 1367 1129 et
1404 1086 1621 1147 adjacen-

221 1159 335 1203 tium
364 1167 593 1204 terrarum
627 1159 882 1205 vastatione
920 1159 1000 1204 diu
1034 1169 1203 1206 venata
1241 1170 1286 1206 et
1314 1161 1359 1206 in
1399 1164 1624 1211 maximas

218 1239 452 1300 angustias
474 1237 792 1285 calamitatum
816 1237 1044 1296 deducta,
1086 1238 1206 1284 ultra
1240 1239 1488 1287 subsistere
1529 1260 1624 1289 non

219 1325 430 1377 poterat,
457 1332 566 1360 cum
601 1313 772 1362 eodem
809 1332 895 1362 suo
929 1333 1038 1379 rege
1076 1316 1294 1362 Johanne
1328 1334 1376 1363 se
1407 1321 1625 1365 reconci-

218 1392 330 1438 liare
353 1392 561 1450 studuit,
599 1402 675 1450 et,
704 1391 792 1438 sub
825 1402 954 1438 certo
984 1402 1236 1456 pactorum
1272 1394 1445 1440 foedere
1467 1433 1478 1455 ‚
1514 1413 1622 1442 cum

219 1469 316 1516 aliis
346 1470 486 1515 etiam
509 1469 641 1514 terris
661 1469 914 1515 Cataloniae
933 1507 943 1527 ,
968 1469 1055 1515 sibi
1083 1469 1428 1518 cohaerentibus
1464 1482 1507 1518 et
1544 1474 1624 1519 foe-

219 1546 412 1605 deratis,
439 1545 526 1592 sub
551 1545 763 1609 ejusdem
796 1546 1118 1593 obedientiam
1153 1557 1199 1593 et
1224 1547 1454 1595 ditionem
1478 1566 1526 1595 se
1554 1567 1623 1596 re-

218 1623 366 1669 duxit.

283 1700 424 1756 Quod
457 1700 689 1745 intuentes
724 1699 936 1762 plerique
965 1699 1197 1746 nobilium
1229 1702 1480 1747 comitatus
1514 1706 1625 1750 Ros-

218 1776 395 1822 silionis
419 1786 462 1822 et
492 1776 663 1822 civium
702 1775 867 1838 oppidi
899 1777 1198 1838 Perpiniani‚
1239 1794 1445 1838 quorum
1476 1780 1622 1826 animi

218 1853 417 1899 naturali
441 1852 646 1916 quadam
669 1851 815 1897 veluti
839 1851 1142 1898 inclinatione
1161 1853 1219 1899 ad
1238 1853 1460 1899 eumdem
1484 1873 1621 1903 suum

218 1945 375 1991 regem
411 1929 696 1985 ferebantur,
737 1937 784 1973 et
826 1927 997 1990 quibus
1028 1929 1239 1992 perutilis
1279 1939 1419 1992 atque
1457 1934 1620 1993 gratis-

219 2006 336 2051 sima
354 2015 396 2051 et
415 2004 625 2067 jocunda
648 2020 747 2049 esse
771 2013 1044 2049 consuesset
1067 2005 1361 2068 conversatio
1386 2006 1621 2054 familiaris

219 2091 319 2128 tum
358 2084 404 2128 in
443 2082 739 2138 mercantiis,
781 2091 879 2126 tum
919 2081 965 2125 in
999 2081 1115 2142 juris
1154 2080 1329 2144 publici
1374 2091 1419 2127 et
1456 2085 1621 2146 privati

219 2162 556 2206 communione
585 2176 694 2205 cum
723 2159 980 2203 Barcinona
1009 2168 1055 2203 et
1086 2158 1185 2204 aliis
1218 2159 1349 2204 terris
1374 2161 1491 2223 regis
1519 2166 1622 2210 Ara—

220 2254 398 2298 gonum
444 2247 490 2283 et
535 2237 697 2282 Siciliae
714 2237 742 2293 ³,
785 2245 884 2280 toto
925 2235 1231 2298 invigilabant
1271 2236 1459 2296 studio,
1504 2258 1620 2302 quo-

271 2352 307 2389 1.
339 2353 439 2387 Mort
457 2352 477 2386 a
496 2350 704 2387 Barcelone
724 2348 867 2396 meme,
888 2348 922 2384 le
941 2350 988 2385 16
1010 2347 1210 2386 de'cembre
1228 2351 1330 2387 1470
1350 2351 1455 2388 selon
1474 2351 1619 2404 Curua,

217 2423 267 2446 ou
285 2409 321 2446 le
341 2411 388 2445 27
406 2409 529 2457 juillet
550 2411 647 2446 1471
671 2408 821 2458 d'apres
842 2420 893 2444 un
913 2407 1070 2458 registre
1097 2407 1148 2444 du
1166 2407 1381 2446 Parlement
1401 2410 1471 2447 cite
1491 2424 1561 2461 par
1586 2413 1620 2450 le

216 2471 258 2506 P.
288 2468 480 2505 Anselme.

269 2530 306 2565 2.
338 2531 390 2565 Le
410 2527 465 2564 roi
486 2527 586 2564 avait
607 2526 754 2576 envoye'
770 2540 818 2563 au
835 2539 987 2564 secours
1007 2525 1057 2563 du
1075 2525 1148 2562 duc
1165 2525 1212 2563 de
1226 2527 1384 2564 Calabre
1403 2542 1477 2566 une
1493 2532 1621 2570 arniee

216 2589 280 2639 qui
300 2589 425 2626 revint
442 2602 506 2626 sur
527 2600 584 2624 ses
603 2600 688 2637 pas,
707 2587 817 2636 apres
837 2587 947 2623 s'etre
966 2586 1131 2622 avanee'e
1148 2585 1327 2635 jusqu'au
1347 2588 1507 2625 Pertuis.
1533 2591 1622 2627 Dia-

217 2649 328 2700 logue
350 2657 454 2685 entre
481 2649 666 2685 lohannes
686 2655 722 2683 et
742 2648 947 2683 Ladooicas
970 2658 1035 2683 sui·
1060 2646 1095 2683 la
1118 2658 1256 2697 guerre
1282 2646 1328 2683 de
1354 2647 1486 2687 Nanci.

270 2711 306 2744 3.
337 2711 389 2744 Le
411 2707 465 2744 roi
485 2710 582 2743 Juan
603 2719 651 2743 ne
671 2705 860 2756 possedait
879 2718 946 2755 pas
965 2705 1002 2742 la
1023 2705 1146 2743 Sicile.

427 2786 461 2808 11
1361 2774 1409 2809 20
