1923 3020
743 231 888 265 LIBER
916 230 1152 275 QUARTUS.
1576 230 1645 265 361

247 317 306 362 ab
352 318 492 362 armis
538 316 758 362 discessio
806 326 850 361 et
891 315 1249 379 quodammodo
1297 316 1646 377 tergiversatio,

247 394 499 456 praesertim
535 409 644 438 cum
674 403 802 439 tanta
830 393 918 439 sibi
947 394 1156 457 suisquc¹
1185 394 1250 439 cis
1283 392 1451 438 fretum
1490 392 1651 439 fuisset

247 469 475 515 facturum
505 486 552 514 se
577 470 835 532 pollicitus,
872 470 1069 532 diesque
1096 470 1222 515 velut
1255 469 1341 515 sibi
1370 468 1650 515 decrevisset

245 556 384 607 atque
427 546 768 603 constituisset,
809 546 1007 608 quibus,
1052 556 1100 591 et
1144 547 1298 591 Remis
1337 546 1556 591 inunctus
1600 547 1647 591 in

246 638 427 683 regem,
454 632 497 666 et
526 623 704 667 Parisiis
721 622 914 684 aliisque
936 623 984 666 in
1008 621 1204 666 urbibus
1224 631 1270 666 et
1287 621 1401 667 locis
1427 622 1649 684 insignio·

244 698 370 743 ribus
406 699 536 761 regni
571 702 861 744 Francorum
907 697 1175 743 diademate
1206 708 1251 743 et
1287 699 1386 744 aliis
1416 699 1649 760 regalibus

244 775 487 836 insignitus
518 786 824 838 receptusque
859 791 958 820 esse
990 775 1245 820 debuisset.
1286 775 1446 835 Unde,
1482 778 1649 838 procul

242 850 418 911 dubio,
470 868 567 896 non
611 867 803 915 parvam
853 850 963 896 inde
1008 851 1318 913 ignominiam
1365 852 1410 896 in
1458 854 1650 916 propria

242 928 413 973 retulit.

306 1004 397 1050 Sed
432 1021 486 1051 ea
520 1022 616 1064 res,
653 1007 736 1051 etsi
772 1004 1004 1051 maculam
1040 1005 1180 1050 etiam
1214 1006 1331 1066 regis
1362 1009 1648 1052 Francorum

241 1082 396 1144 gloriae
417 1100 469 1129 ac
490 1083 730 1147 splendori
751 1083 1016 1141 obduxerit,
1041 1081 1172 1145 quod
1191 1099 1237 1127 se
1256 1083 1350 1143 regi
1371 1082 1644 1145 Anglorum,

242 1160 306 1203 uti
346 1160 572 1217 diximus,
616 1161 721 1206 fecit
758 1161 1062 1223 vectigalem,
1106 1168 1261 1223 potest
1304 1169 1460 1205 tamen
1500 1160 1648 1206 videri

240 1234 428 1281 aliunde
472 1252 569 1281 non
612 1236 985 1281 contemnendas
1030 1252 1117 1281 nec
1163 1251 1311 1299 parvo
1357 1235 1648 1282 aestimandas

242 1312 461 1358 utilitates
492 1330 638 1375 regno
671 1316 961 1358 Francorum
992 1312 1220 1368 attulisse,
1262 1312 1321 1358 ad
1356 1313 1482 1375 quod
1520 1314 1648 1359 inva-

240 1388 451 1435 dendum
474 1391 581 1453 (sub
601 1408 696 1454 quo
722 1400 850 1436 metu
869 1391 966 1453 jam
990 1408 1075 1455 per
1098 1407 1249 1437 annos
1273 1391 1503 1455 plurimos
1526 1392 1649 1437 elan-

239 1466 419 1528 guerat)
438 1483 534 1512 non
557 1467 688 1514 facile
708 1468 965 1530 Anglorum
989 1483 1067 1512 rex
1089 1468 1162 1513 vel
1179 1469 1246 1513 sui
1265 1467 1465 1531 posthac
1482 1484 1648 1513 ausum

238 1554 499 1602 assument,
529 1561 606 1590 seu
633 1545 788 1608 ipsum
814 1530 954 1590 armis
980 1545 1222 1608 impetere.
1252 1547 1371 1590 Cum
1397 1546 1524 1590 enim
1551 1562 1648 1591 me·

240 1620 461 1666 minerint
495 1638 651 1684 regem
682 1622 836 1681 hunc,
873 1622 954 1684 qui
987 1622 1094 1667 satis
1127 1631 1315 1668 strenue
1351 1639 1424 1668 res
1457 1638 1648 1684 magnas

237 1707 345 1743 ante
367 1699 623 1762 perfecerat
640 1709 803 1745 contra
824 1699 1176 1762 potentissimos
1197 1699 1506 1759 adversarios,
1529 1716 1648 1763 quos

238 1774 369 1820 domi
392 1775 643 1834 habuerat,
673 1786 716 1822 et
739 1776 820 1839 qui
846 1786 943 1822 tam
966 1777 1207 1839 ingentem
1229 1776 1579 1840 expeditionem
1603 1787 1647 1822 et

236 1853 429 1900 bellicos
444 1864 694 1918 apparatus
712 1864 867 1900 tantos
883 1855 1098 1900 maximis
1113 1853 1362 1917 impendiis
1382 1864 1642 1916 paraverat,

236 1930 489 1977 habentem
521 1933 659 1978 etiam
691 1932 896 1989 favores,
930 1931 1105 1977 foedera
1133 1940 1273 1993 atque
1302 1930 1471 1975 auxilia
1506 1946 1530 1976 a
1560 1948 1646 1994 po-

235 2009 503 2054 tentissimis
525 2009 820 2073 principibus
850 2011 993 2055 totius
1019 2008 1201 2065 Gallice,
1235 2023 1321 2052 nec
1346 2006 1517 2070 pedem
1542 2009 1646 2070 qui-

236 2084 344 2130 dem
375 2086 421 2130 in
457 2095 580 2132 terra
608 2087 726 2148 regis
759 2089 1050 2132 Francorum
1081 2094 1275 2148 perante
1309 2100 1475 2130 ausum
1506 2084 1645 2132 fuisse

234 2161 427 2220 inferre,
466 2162 536 2208 ve]
574 2163 672 2225 ejus
711 2179 860 2225 usque
896 2162 954 2207 ad
987 2161 1151 2206 limina
1185 2161 1491 2225 pertransire,
1535 2178 1643 2210 suos

235 2238 440 2284 tumidos
465 2239 758 2301 nimiumque
784 2239 842 2284 de
870 2239 962 2284 suis
987 2247 1320 2301 praesumentes
1344 2237 1643 2285 facultatibus

233 2315 417 2360 animos
439 2316 747 2361 verisimiliter
768 2315 1116 2379 temperabunt.
1146 2316 1191 2360 Si
1216 2315 1343 2360 enim
1364 2332 1529 2361 verum
1552 2327 1637 2374 est,

233 2391 362 2452 quod
395 2391 453 2436 de
483 2392 659 2437 viribus
690 2402 733 2437 et
764 2392 973 2455 potentia
1003 2391 1160 2437 Galliae
1186 2393 1237 2436 C.
1273 2393 1422 2438 Caesar
1458 2393 1505 2437 in
1546 2393 1642 2438 suis

233 2468 592 2514 Commentariis
637 2469 694 2514 de
739 2468 872 2514 bellis
917 2469 1102 2515 Gallicis
1149 2470 1377 2532 scriptum
1422 2468 1635 2532 reliquit,

232 2545 373 2590 totius
394 2545 608 2592 videlicet
626 2547 784 2592 Galliae
803 2546 1072 2606 consensui,
1096 2562 1195 2592 non
1214 2546 1359 2593 modo
1381 2548 1635 2602 Romanos,

286 2709 321 2744 1.
355 2710 457 2744 Dans
476 2707 511 2744 le
530 2720 599 2744 ms.
623 2711 771 2756 suisque
793 2721 902 2755 quam
923 2712 990 2754 cis,
1011 2715 1080 2744 etc.
