1923 3020
712 242 853 276 LIBER
881 242 1096 277 TERTIUS.
1527 238 1602 274 277

272 330 405 373 Passa
441 339 507 373 est
542 338 588 374 et
615 345 696 373 sua
727 327 1023 389 Burgundia,
1062 328 1140 373 illa
1169 325 1466 390 expeditione
1504 328 1607 369 Am-

205 403 441 450 bianensis
474 405 732 451 obsidionis
764 405 991 463 durante,
1027 405 1227 468 plurima
1257 404 1429 449 damna
1453 402 1605 464 jactu-

208 496 371 543 rasque
395 497 418 525 a
444 482 609 527 militia
633 482 775 543 regis,
802 482 933 543 cujus
953 481 1175 526 ducatum
1203 480 1248 524 in
1276 479 1351 524 illa
1375 488 1507 543 parte
1529 477 1608 523 ha-

205 557 316 602 bere
339 557 574 603 ferebatur
597 575 755 604 comes
785 558 1036 621 delphinus
1070 557 1331 614 Alverniae¹,
1360 559 1470 619 qui,
1494 572 1602 601 cum

205 633 359 695 aliqua
388 635 606 696 portione
637 635 949 698 stipendiariae
983 644 1122 696 atque
1154 633 1402 678 ordinariae
1430 632 1606 678 militiae

206 710 324 770 regis
348 711 522 772 junctis
550 711 789 756 nobilibus
823 711 1044 756 Alverniae
1073 720 1116 754 et
1152 708 1433 767 Destinatus,
1461 709 1606 753 multa

206 785 390 831 castella
415 797 459 832 et
483 787 612 833 villas
636 788 682 832 in
708 786 976 848 Burgundia
1002 786 1284 848 expugnavit
1314 794 1358 829 et
1393 784 1602 848 diripuit.

205 864 349 907 Erant
373 862 465 908 illic
488 873 533 908 et
555 864 772 909 nonnulli
792 863 1071 908 Leodienses
1088 862 1285 918 exsules,
1314 860 1607 921 Burgundio-

205 954 320 983 num
337 939 620 985 infestissimi
641 951 687 986 et
709 940 993 986 acerbissimi
1011 938 1205 993 inimici,
1231 938 1309 999 qui
1332 938 1378 981 in
1401 936 1604 999 populos

204 1025 249 1060 et
296 1017 478 1063 accolas
514 1018 790 1079 Burgundiae
833 1017 931 1062 sine
969 1014 1285 1060 misericordia
1325 1013 1600 1069 saeviebant,

203 1093 353 1139 sicubi
386 1110 551 1139 manus
580 1096 763 1140 mittere
789 1103 994 1157 possent.
1020 1092 1112 1138 Sed
1135 1092 1193 1137 de
1216 1091 1488 1153 hujusmodi
1510 1090 1604 1152 jac-

205 1171 318 1215 turis
340 1180 384 1215 et
401 1171 585 1216 daninis
608 1172 682 1216 vix
701 1171 979 1232 quidquam,
1001 1169 1089 1213 nisi
1110 1168 1254 1230 longo
1278 1177 1382 1231 post
1404 1167 1604 1212 decurso

206 1257 442 1311 tempore,
474 1247 858 1310 Burgundionum
883 1247 978 1291 dux
1010 1246 1126 1291 scire
1159 1253 1364 1308 poterat,
1394 1260 1450 1288 eo
1475 1244 1602 1305 quod

205 1324 262 1370 de
288 1326 418 1371 terris
439 1325 532 1370 suis
551 1324 775 1370 Flandriae
794 1334 932 1387 atque
963 1323 1205 1381 Picardiae‚
1233 1323 1280 1367 in
1305 1320 1476 1383 quibus
1496 1337 1606 1382 age-

205 1400 301 1457 bat,
327 1402 441 1447 nulli
465 1403 510 1447 in
539 1402 854 1463 Burgundiam
883 1418 970 1446 nec
994 1418 1018 1446 e
1038 1409 1202 1445 contra
1224 1415 1414 1444 securus
1438 1398 1606 1443 transi-

207 1487 279 1523 tus
323 1478 533 1540 patebat3
573 1495 681 1524 nain
723 1479 1005 1542 Campania,
1046 1494 1149 1539 quae
1185 1475 1463 1521 intermedia
1508 1484 1601 1531 est,

206 1555 324 1616 regis
358 1566 478 1614 erat,
521 1565 564 1600 et
610 1555 918 1617 Lotharingiae
959 1555 1050 1599 dux
1065 1557 1093 1610 ²,
1133 1563 1322 1599 mortuo
1347 1561 1479 1616 patre
1518 1568 1603 1597 suo

207 1631 419 1676 Johanne
454 1633 501 1676 in
530 1632 807 1688 Catalonia3,
841 1632 1051 1694 principe
1088 1630 1224 1675 bonae
1257 1629 1515 1685 memoriae‚
1544 1628 1601 1672 ad

207 1718 359 1770 partes
398 1710 516 1770 regis
547 1719 826 1766 accesserat,
860 1718 904 1753 et
938 1718 1038 1752 tum
1073 1705 1464 1768 Burgundionum
1497 1703 1605 1749 duci

206 1784 353 1830 hostis
384 1786 530 1831 factus
566 1794 663 1830 erat
698 1785 744 1830 in
773 1785 966 1846 gratiam
989 1785 1108 1846 regis
1130 1793 1269 1845 atque
1293 1782 1518 1838 favorem,
1548 1796 1604 1824 eo

206 1861 336 1922 quod
357 1862 501 1924 ipsius
524 1860 667 1907 filiam
692 1860 1022 1924 desponsatam
1045 1859 1278 1906 haberet&

259 1998 295 2033 1.
329 1996 512 2033 Bertrand
533 1995 580 2032 de
599 1998 651 2032 La
670 1997 783 2039 Tour,
805 2003 926 2031 comte
947 1995 993 2031 de
1010 1994 1206 2045 Boulogne
1230 2003 1267 2030 et
1290 1993 1459 2044 daupliin
1487 1992 1606 2029 d’Au-

204 2068 361 2105 vergne.

258 2116 295 2150 2.
328 2114 477 2151 Nicolas
503 2114 681 2160 d'Anjou.

259 2175 294 2210 3.
327 2176 422 2210 Jean
442 2172 621 2221 d’Anjou,
644 2172 700 2209 fils
723 2171 773 2208 du
792 2171 849 2208 roi
871 2172 992 2217 Rene,
1015 2180 1112 2208 mort
1130 2174 1150 2208 a
1172 2171 1393 2218 Barcelone,
1416 2170 1451 2207 le
1472 2172 1520 2207 16
1541 2169 1588 2206 de
1609 2196 1614 2200 -

203 2231 354 2268 ceinbre
380 2234 498 2271 1470,

256 2292 293 2325 4.
326 2290 458 2327 C'etait
491 2290 526 2326 la
561 2289 722 2326 seconde
749 2288 817 2325 sois
846 2289 939 2338 qti'il
968 2287 1055 2325 etait
1085 2287 1258 2338 question
1279 2286 1326 2323 de
1351 2300 1394 2323 ce
1420 2286 1604 2336 mariage,

203 2348 287 2395 deja
310 2362 447 2400 rompu
470 2361 582 2400 parce
607 2347 695 2398 qu’ii
725 2361 776 2385 un
809 2356 977 2385 moment
1006 2347 1040 2385 le
1056 2348 1170 2395 jeune
1192 2347 1323 2397 prince
1348 2347 1448 2384 avait
1474 2347 1607 2396 espere

201 2408 310 2444 avoir
334 2422 432 2458 pour
461 2409 597 2446 femme
623 2407 831 2444 l'heritiere
860 2407 906 2445 de
935 2407 1088 2445 Chai-les
1116 2407 1151 2444 le
1180 2406 1409 2443 Tenieraire.
1440 2405 1606 2443 L'annee

201 2467 376 2504 suivante
394 2481 442 2504 on
465 2467 518 2504 lui
539 2468 578 2504 fit
599 2467 752 2518 esperer
776 2467 822 2503 de
850 2480 1027 2504 nouveau
1049 2466 1236 2503 l'alliance
1264 2465 1600 2515 bourguignonne,

202 2534 238 2563 et
257 2526 282 2562 il
307 2527 445 2576 ronipit
466 2539 603 2563 encore
624 2539 714 2563 avec
739 2526 773 2563 le
793 2526 864 2564 roi.
891 2526 920 2562 Il
951 2533 1105 2562 mourut
1123 2537 1171 2561 en
1192 2526 1316 2568 1473,
1347 2531 1462 2571 ayant
1488 2535 1539 2572 pu
1567 2534 1606 2559 se

200 2586 425 2624 eonvaincre
445 2599 518 2635 que
540 2586 573 2622 le
591 2585 663 2622 duc
683 2586 729 2622 de
750 2588 975 2636 Bourgogne
995 2583 1116 2621 s'etait
1135 2583 1271 2633 {noque
1290 2582 1336 2618 de
1359 2582 1425 2619 lui.
