1923 3020
713 259 855 294 LIBER
882 259 1080 294 PRIMUS.
1550 259 1592 293 21

205 345 366 405 dendi,
393 345 685 391 distrahendi
721 355 763 391 et
798 361 884 408 pro
917 362 1002 390 suo
1040 354 1155 389 nutu
1202 344 1604 406 qualitercumque

205 423 485 487 disponendi
510 424 765 486 plenariam
781 432 1074 486 potestatem.
1096 424 1199 477 Qua
1217 431 1446 485 potestate
1464 437 1605 483 quam

204 500 398 545 civiliter
422 516 531 543 usus
550 499 701 557 fuerit,
736 500 832 544 imo
853 515 994 560 quam
1020 498 1279 561 perniciose
1303 514 1356 543 ac
1381 498 1602 561 turpiter,

208 576 277 620 vix
305 575 499 636 cogitari
522 576 683 637 possit.

271 653 623 695 Consueverant
647 652 924 713 plerumque
959 649 1231 712 hujusmodi
1274 649 1528 704 forestarii,
1565 659 1609 694 et

207 727 292 772 sub
333 726 508 771 eisdem
545 727 798 772 servientes
833 737 875 773 et
911 726 1128 771 custodes
1164 726 1431 782 constituti,
1470 725 1607 771 etiam

206 819 311 847 cum
338 802 476 863 gratis
501 801 665 847 eadem
691 802 847 847 officia
878 802 1074 846 assecuti
1103 801 1308 856 fuerant,
1344 800 1512 846 multas
1537 817 1610 846 ca-

206 879 423 934 lumnias,
455 879 785 923 concussiones
811 887 853 921 et
878 876 1064 938 rapinas
1081 892 1297 921 exercere
1322 876 1366 920 in
1383 891 1612 938 pauperes

206 955 534 1019 provinciales,
565 956 623 1000 ita
648 954 803 1017 quod,
833 953 994 1016 procul
1027 951 1202 1009 dubio,
1243 951 1430 1014 publica
1456 943 1611 1013 potius

207 1031 378 1077 utilitas
405 1040 677 1093 exposceret
703 1040 748 1074 ut
777 1029 938 1074 onmia
966 1027 1072 1073 talia
1099 1026 1254 1072 officia
1277 1025 1577 1071 abolerentur
1595 1064 1605 1084 ‚

206 1106 613 1169 quemadmodum
639 1105 766 1161 alias,
798 1114 846 1149 ut
866 1105 925 1149 ita
943 1102 1090 1162 fieret,
1112 1102 1427 1148 consultatum
1450 1110 1610 1146 tracta-

208 1193 403 1245 tumque
438 1183 646 1227 exstitit¹.
689 1185 818 1226 Tunc
850 1196 986 1237 vem,
1022 1196 1128 1224 cum
1166 1195 1250 1242 per
1279 1177 1519 1241 praefatum
1551 1176 1609 1222 de

206 1259 553 1305 Monte-Albani
585 1259 743 1303 omnia
769 1255 1043 1318 hujusmodi
1077 1254 1228 1300 officia
1260 1253 1604 1310 venderentur,

206 1336 265 1381 ad
289 1336 687 1396 licitationemque
711 1331 1133 1394 (quemadmodum
1159 1330 1217 1376 de
1240 1329 1439 1394 publicis
1455 1330 1608 1374 vecti—

215 1411 395 1472 galibus
419 1411 516 1455 fieri
538 1410 724 1471 assolet)
737 1417 1115 1471 exposcerentur‚
1134 1407 1306 1471 passim
1327 1416 1372 1451 et
1396 1406 1609 1467 frequen-

206 1489 297 1532 tius
322 1487 377 1533 ad
418 1488 603 1549 iniquos
627 1497 671 1531 et
697 1486 865 1548 impios
887 1484 1104 1529 homines
1121 1522 1131 1541 7
1161 1500 1242 1547 spe
1272 1482 1416 1528 solius
1441 1481 1607 1545 praedae

207 1575 345 1626 atque
393 1564 567 1626 rapinae
614 1562 789 1607 illectos
808 1599 818 1619 ,
865 1560 1191 1622 hujuscemodi
1239 1558 1610 1605 devolvebantur

207 1642 391 1698 officia3
420 1640 609 1702 quibus,
638 1656 732 1700 quo
757 1639 901 1702 pluris
925 1655 979 1684 ea
995 1647 1278 1693 emerentur,
1306 1636 1441 1682 simul
1468 1637 1606 1681 etiam

206 1718 462 1764 calumnias
500 1727 544 1761 et
580 1716 757 1778 praedas
790 1714 957 1777 agendi
994 1714 1182 1759 libertas
1224 1713 1369 1758 laxari
1415 1715 1609 1776 impune

205 1794 472 1839 videbatur.
513 1791 645 1836 [nde
679 1808 774 1836 non
807 1791 938 1836 facile
966 1791 1181 1836 {estimari
1208 1799 1384 1853 posset,
1413 1799 1610 1850 quantas

207 1873 445 1935 pecunias
461 1887 515 1915 ex
549 1869 820 1930 hujusmodi
847 1868 1199 1914 venditionibus
1224 1868 1322 1930 ipse
1346 1867 1405 1911 de
1429 1869 1610 1910 Monte—

208 1948 370 1995 Albani
395 1948 653 1993 extorserit.
686 1949 791 1990 Erat
817 1946 941 1990 enim
961 1946 1059 1989 sine
1085 1944 1195 2001 fide,
1219 1945 1390 2006 pietate
1411 1951 1455 1987 et
1481 1942 1613 2003 justi-

209 2027 269 2071 tia
290 2061 300 2081 ‚
330 2024 551 2087 pecunias
589 2022 878 2084 congerendi
913 2032 957 2067 et
994 2020 1314 2083 congregandi
1353 2018 1614 2065 incredibili

208 2102 405 2163 flagrans
429 2099 596 2144 ardore
627 2116 634 2142 t
669 2098 795 2143 unde
820 2114 905 2143 nec
937 2098 1033 2143 suis
1060 2096 1367 2159 emptoribus,
1394 2113 1421 2142 a
1443 2094 1615 2157 quibus

204 2186 485 2222 conventam
513 2175 761 2237 pecuniam
790 2176 1037 2237 recepisset
1060 2209 1070 2231 ‚
1099 2173 1240 2218 fidem
1269 2172 1500 2217 ullatenus
1528 2171 1613 2217 ob-

207 2253 442 2309 servabat3
469 2251 549 2297 sed
579 2252 614 2296 si
647 2252 752 2313 quis
786 2250 1094 2313 postmodum
1127 2259 1419 2313 compareret
1452 2250 1531 2311 qui
1567 2266 1613 2294 se

209 2330 455 2389 pecuniam
480 2328 701 2372 daturum
727 2326 918 2372 offerret
942 2327 1236 2389 ampliorem,
1257 2327 1415 2389 priore
1435 2324 1616 2370 defrau—

209 2406 340 2462 dato,
380 2405 465 2449 sibi
509 2403 904 2464 adjudicabatur²
946 2403 1167 2448 officium.
1208 2402 1420 2447 Habebat
1456 2411 1610 2446 autem

210 2483 307 2544 ipse
331 2497 440 2526 suos
466 2480 627 2525 talium
652 2480 1049 2524 commerciorum
1072 2488 1377 2542 proxenetas,
1406 2478 1486 2540 qui
1520 2493 1614 2521 un-

266 2610 298 2643 1.
331 2609 509 2643 L'autcur
537 2605 678 2642 semble
713 2606 804 2642 taire
833 2606 994 2644 allusion
1025 2610 1042 2643 a
1068 2606 1133 2643 des
1163 2607 1303 2656 projets
1328 2605 1615 2643 anciennement

210 2667 350 2706 soumis
370 2680 416 2703 au
437 2665 575 2702 conseil
597 2665 642 2702 dc
669 2665 820 2703 Chai-les
841 2668 922 2704 VII.
969 2712 976 2719 ἢ

266 2730 301 2763 2.
338 2725 597 2772 Adjiciebatur
616 2725 707 2762 dans
727 2726 760 2762 le
780 2739 848 2762 ms.
