1923 3020
290 236 365 270 226
645 229 981 266 HISTORIARUM
1009 228 1242 263 LUDOVlCl
1269 229 1323 262 XI

295 319 537 366 molimina
573 330 675 376 quae
715 329 797 376 per
837 315 1123 357 Francorum
1155 329 1311 374 regem
1351 322 1397 358 et
1431 313 1560 357 illurn
1595 314 1686 357 sin·

289 412 448 442 cerum
494 402 538 437 ct
584 390 867 451 singularem
914 390 1117 434 amicum
1166 406 1326 443 suum,
1376 388 1596 434 comitem
1629 389 1688 433 de

294 479 338 519 ll
353 470 532 526 altwise,
555 469 777 514 adx‘ersus
802 467 1099 523 Edoardum,
1126 467 1380 528 Anglorum
1404 483 1586 529 regem,
1614 482 1688 510 so-

290 549 471 595 rorium
507 562 668 602 suum,
704 561 790 589 nec
823 545 978 589 minus
1009 553 1174 589 contra
1210 544 1508 607 semetipsum
1545 553 1690 587 strue-

292 625 480 681 bantur,
521 622 741 684 cogitavit
771 631 844 679 ut,
879 621 915 665 si
946 631 1128 684 posset,
1155 630 1349 666 conatus
1375 621 1496 665 illius
1526 618 1691 683 perlidi

290 700 590 762 interciperet
625 707 765 760 atque
804 698 1083 760 impediret,
1123 697 1195 743 wel
1231 714 1338 743 eum
1373 697 1515 742 classe
1549 713 1693 759 quam

289 775 497 822 habebat
537 774 818 838 spoliando,
866 792 946 820 seu
993 791 1095 820 eam
1137 774 1390 820 cremando
1435 784 1515 819 aut
1552 767 1709 818 etiam¹

293 851 610 915 expugnando
650 861 695 896 ct
717 867 969 913 congressu
1004 851 1156 897 nax‘ali
1180 850 1464 914 superando.
1492 853 1544 895 Et
1569 850 1627 895 ad
1646 849 1693 894 id

288 930 481 993 quidem
504 928 896 993 pertentandum,
926 929 1119 974 classem
1148 929 1365 973 instruxit
1389 928 1694 989 quadraginta

288 1017 368 1053 aut
391 1007 730 1069 quinquaginta
746 1005 938 1050 naxium
964 1006 1232 1065 electarum,
1257 1021 1474 1067 quarum,
1497 1021 1604 1049 cum
1625 1020 1696 1049 ar-

290 1085 376 1129 mis
413 1100 466 1129 ac
501 1083 610 1127 viris
649 1083 920 1143 caeterisque
960 1083 1231 1128 necessariis
1272 1082 1412 1127 rebus
1452 1081 1695 1143 magnifice

293 1163 486 1208 luissent
509 1161 759 1218 instructae,
788 1160 1012 1204 ducatum
1037 1160 1271 1205 commisit
1295 1159 1549 1204 clarissimo
1574 1159 1693 1214 viro,

291 1240 457 1286 talium
493 1255 651 1284 rerum
688 1237 1024 1299 navaliumque
1063 1237 1419 1300 expeditionum
1457 1236 1544 1296 (uti
1579 1235 1698 1280 sama

294 1316 547 1377 serebatur)
586 1315 695 1360 satis
733 1315 915 1376 egregie
951 1314 1103 1378 perito
1140 1324 1185 1359 ct
1219 1315 1473 1372 instructo,
1501 1312 1697 1358 domino

298 1394 358 1440 de
387 1393 544 1451 Veris,
574 1390 855 1436 Zelandrino
871 1395 897 1435 ¹.

365 1474 478 1526 Qum
519 1485 592 1513 res
630 1484 738 1512 cum
797 1484 883 1512 nec
919 1470 1206 1513 Francorum
1232 1484 1413 1528 regem,
1452 1484 1539 1512 nec
1570 1467 1699 1511 illum

301 1547 398 1593 doli
433 1545 662 1607 insignem
697 1543 1002 1589 architectum
1037 1544 1261 1590 JVal'Vl'clz
1296 1545 1477 1601 lateret,
1510 1559 1703 1606 operam

304 1623 536 1669 dederunt
572 1631 621 1665 ut
650 1637 743 1665 suae
775 1620 833 1665 ad
865 1620 968 1666 loca
1000 1630 1095 1666 tuta
1127 1630 1173 1665 et
1207 1620 1515 1666 commodos‘2
1540 1630 1703 1683 portus

305 1701 526 1762 sinusque
561 1714 703 1744 naves
732 1698 1017 1755 locarentur,
1058 1698 1122 1743 sic
1156 1698 1286 1760 quod
1320 1698 1449 1743 facile
1484 1698 1703 1743 incendio

306 1776 548 1832 consumi,
576 1776 647 1821 vel
672 1791 698 1820 a
726 1775 1140 1837 Burgundionibus
1157 1775 1362 1821 abstrahi
1381 1785 1520 1837 atque
1536 1775 1705 1820 abduci

308 1871 403 1899 non
437 1863 644 1916 possent.
683 1852 877 1914 Collegit
905 1853 1045 1897 etiam
1078 1855 1365 1897 Francorum
1385 1869 1462 1897 rex
1489 1868 1704 1914 magnam

310 1931 521 1994 equitum
569 1929 878 1993 peditumque
921 1929 1301 1985 multitudinem,
1351 1946 1470 1991 quos
1521 1929 1705 1974 [raneos

312 2007 571 2069 sagittarios
609 2006 874 2070 appellant,
917 2006 1088 2069 quibus
1133 2015 1295 2069 portus
1328 2015 1467 2069 atque
1501 2022 1706 2050 recessus

311 2090 358 2133 in
395 2086 566 2149 quibus
600 2103 741 2132 naves
779 2087 1050 2149 hujusmodi
1078 2085 1412 2150 repausabant,
1448 2085 1505 2130 ad
1534 2102 1609 2131 eas
1636 2096 1708 2130 tu-

315 2164 504 2220 tandas,
531 2164 768 2226 vicinique
792 2164 889 2226 agri
916 2165 1226 2227 replerentur.
1272 2168 1486 2220 Quorum
1527 2162 1708 2207 accolas

314 2239 441 2284 dictu
483 2256 578 2284 non
612 2250 680 2285 est
714 2240 861 2299 facile,
891 2249 984 2285 tam
1013 2241 1099 2303 ipsi
1129 2256 1271 2301 quam
1300 2238 1473 2301 Anglici
1504 2239 1708 2300 partium

312 2316 371 2362 de
396 2317 632 2375 ll‘m·‹·1'‹·l1,
665 2317 851 2377 quantis
881 2317 1079 2379 injuriis,
1107 2317 1293 2363 damnis
1317 2328 1455 2378 atque
1478 2315 1614 2360 variis
1633 2331 1710 2361 ca-

311 2393 595 2439 lamitatibus
619 2395 977 2457 compleverint.

375 2474 494 2517 Cum
532 2480 687 2516 autem
714 2471 907 2517 classem
929 2471 1230 2533 hujusmodi,
1258 2487 1385 2516 mare
1409 2467 1710 2534 pervagando

365 2645 379 2678 ’1
395 2673 400 2679 .
435 2640 554 2678 Henri
574 2640 620 2676 de
639 2639 810 2676 Borssclc
824 2669 833 2686 ,
855 2638 1074 2687 chandais,
1097 2639 1273 2690 seigneur
1292 2639 1338 2676 de
1355 2642 1558 2676 Ter-Vere.

363 2706 400 2742 2.
432 2707 484 2741 Le
504 2715 574 2740 ms.
595 2709 702 2752 porte
725 2705 854 2748 coites,
879 2700 944 2750 qui
963 2701 1077 2737 serait
1096 2700 1358 2739 l'abreviation
1378 2701 1425 2738 de
1444 2704 1602 2736 comites.
