1923 3020
309 206 382 239 303.
669 207 698 239 H
706 203 1006 239 ISTORIARUM
1036 204 1270 240 LUDOVICI
1300 207 1353 240 XI

307 292 405 335 viro
428 292 556 336 bono
579 300 625 334 et
642 290 767 350 justo
792 291 892 336 sine
914 291 1229 337 exsecratione
1249 290 1400 335 audiri
1416 301 1583 353 potest.
1607 297 1707 338 Non

304 368 431 412 enim
454 367 559 410 satis
588 375 656 410 cst
691 366 822 428 quod
848 366 1028 412 bonum
1053 368 1327 429 justumque
1356 377 1423 412 est
1453 371 1638 430 operari
1668 380 1713 415 et

305 443 550 506 prosequi,
578 442 664 486 nisi
687 442 822 504 justis
858 444 997 489 etiam
1024 444 1215 501 mediis,
1243 453 1287 489 et
1313 461 1416 506 quse
1449 444 1620 490 scelere
1643 456 1711 491 at—

303 536 394 580 que
419 519 710 580 turpitudine
734 530 922 578 vacent,
947 521 995 565 id
1019 521 1172 584 ipsum
1198 531 1506 583 prosequatur
1528 541 1536 566 ε
1564 523 1628 567 uti
1653 522 1713 568 de

304 595 395 639 hoc
436 596 652 640 oninium
695 606 763 642 est
805 598 1085 660 sapientium
1126 607 1267 659 atque
1315 597 1710 661 philosophorum

304 672 539 716 unanimis
577 682 623 717 et
661 688 861 718 concors
898 675 1150 731 sententia,
1187 675 1424 736 Scriptura
1462 676 1601 720 ctiam
1639 675 1710 719 di-

302 757 436 793 cente
462 765 471 790 :
501 768 521 789 «
547 748 689 804 Quod
707 748 886 810 justum
917 760 1008 808 est,
1030 751 1152 812 juste
1176 751 1456 813 exsequeris.
1487 770 1510 793 »

790 969 1125 1013 CAPITULUM
1163 970 1238 1014 lV.

301 1101 493 1143 Quomodo
516 1111 547 1135 et
566 1115 605 1134 ex
623 1102 749 1146 quibus
768 1103 878 1135 causis
903 1102 1075 1148 oppidum
1094 1102 1342 1147 Perpinianum
1360 1115 1377 1135 a
1395 1116 1475 1148 rege
1494 1104 1707 1151 Francorum

566 1155 690 1188 defecit
707 1164 738 1189 et
757 1168 826 1189 sese
845 1165 970 1202 sponte
991 1156 1062 1201 regi
1082 1154 1264 1199 Aragoniae
1280 1153 1438 1189 tradidit.

365 1272 596 1335 Expedito
643 1289 786 1329 vero,
829 1289 925 1334 quo
971 1270 1269 1335 praediximus
1307 1270 1488 1326 modo,
1534 1274 1706 1317 comite

301 1350 551 1395 Arminiaci
590 1350 703 1411 (qui
743 1349 887 1395 filiam
926 1349 1110 1394 comitis
1148 1348 1207 1393 de
1255 1351 1380 1393 Fuxo
1417 1348 1622 1394 habebat
1658 1350 1704 1395 in

300 1444 530 1485 uxorein,
559 1427 745 1472 alterius
775 1443 1017 1484 sororem,
1056 1443 1160 1488 quae
1183 1425 1292 1471 duci
1332 1426 1577 1471 Britanniae
1608 1436 1706 1472 erat

298 1506 516 1565 1111}›ta¹)‚
545 1503 713 1548 direxit
737 1519 814 1548 rex
848 1504 1008 1567 copias
1040 1520 1163 1557 suas,
1195 1519 1312 1564 quas
1344 1512 1510 1548 contra
1542 1503 1703 1566 praefa—

298 1590 398 1625 tuni
430 1580 678 1625 Arminiaci
706 1581 1023 1626 transmiserat
1061 1580 1285 1625 comitem
1306 1614 1317 1633 ,
1351 1580 1398 1624 in
1424 1580 1702 1626 comitatum

299 1655 592 1714 Ros-Silianis,
619 1656 840 1701 adversus
866 1673 1024 1719 regem
1047 1660 1335 1718 Antigonum,
1363 1655 1421 1701 ad
1444 1672 1586 1717 quem
1616 1673 1701 1719 op-

297 1731 463 1794 pidum
499 1732 613 1777 illud
642 1733 822 1794 insigne
856 1733 1219 1796 Pei-pinianum,
1256 1732 1547 1795 praecipuum
1580 1732 1701 1794 ejus-

295 1808 405 1854 dem
435 1810 714 1867 comitatum,
744 1810 946 1855 factione
967 1809 1287 1872 quorumdam
1313 1808 1547 1853 nobilium
1573 1819 1704 1854 terrae

297 1884 439 1946 paulo
462 1895 570 1931 ante
589 1885 846 1943 defecerat,
877 1896 920 1931 ct
939 1923 949 1943 ‚
978 1887 1119 1931 veluti
1144 1885 1353 1948 quodam
1377 1885 1697 1948 postliminio,

296 1961 357 2006 ad
382 1962 593 2008 naturale
618 1973 749 2008 terrae
772 1963 1039 2008 dominium
1064 1963 1281 2009 redierat-

364 2042 627 2088 Barcinona
651 2043 852 2106 quippe,
886 2060 989 2105 quac
1021 2059 1104 2105 per
1141 2059 1292 2088 annos
1328 2042 1484 2106 plures
1519 2042 1702 2088 rebellis

297 2126 341 2161 et
387 2117 665 2165 inobediens
706 2119 939 2174 Jolianni‚
973 2121 1068 2181 regi
1113 2124 1381 2181 Aragonum
1417 2129 1462 2164 et
1498 2137 1584 2164 suo
1616 2119 1704 2164 fra-

298 2193 354 2236 tri
392 2193 664 2255 Alplionso,
706 2197 847 2241 ctiam
881 2196 993 2241 olim
1027 2197 1123 2258 regi
1153 2200 1422 2258 Aragonum
1461 2206 1505 2242 et
1541 2196 1704 2241 Siciliae

299 2280 393 2314 tam
423 2271 541 2315 ultra
562 2289 703 2333 quain
727 2274 840 2318 citra
863 2273 1093 2332 Pharum,
1121 2275 1378 2330 exstiterat,
1405 2283 1445 2319 et
1473 2273 1531 2318 ad
1551 2283 1703 2319 tutan·

298 2346 412 2390 duni
456 2364 504 2391 sc
544 2357 586 2391 et
623 2350 968 2410 protegendum
1007 2360 1173 2396 contra
1208 2351 1326 2395 vires
1361 2360 1406 2395 et
1445 2353 1703 2412 potentiam

299 2422 511 2483 ejusdem
539 2440 656 2485 regis
686 2426 756 2469 sui
795 2443 840 2471 se
865 2426 1109 2471 dediderat
1142 2427 1239 2488 regi
1265 2427 1428 2472 Siciliae
1460 2428 1640 2472 Renato
1658 2428 1698 2483 ²,

352 2564 388 2597 1.
409 2564 555 2598 Jeanne
580 2570 616 2598 et
635 2563 865 2612 Marguerite
880 2562 926 2599 de
950 2564 1055 2609 Foix,
1081 2565 1242 2601 mai-ices
1261 2564 1364 2601 l'une
1385 2578 1432 2601 an
1450 2573 1573 2601 comte
1591 2563 1700 2598 d'Ar-

298 2634 458 2671 magnac
474 2652 482 2667 ‚
505 2635 551 2657 en
575 2624 692 2667 1468,
717 2623 851 2659 l⁷autre
874 2635 921 2658 au
939 2622 1013 2658 duc
1033 2623 1079 2659 de
1098 2627 1283 2674 Bretagne
1300 2637 1347 2660 en
1370 2626 1485 2659 1471.

350 2681 386 2714 2.
419 2683 475 2716 En
497 2682 611 2716 1467.
