1923 3020
766 270 909 304 LIBER
939 270 1134 304 PRIMUS.
1603 272 1648 307 ’Π

256 375 419 404 eorum
443 356 632 420 praedia,
647 372 830 415 census,
849 356 1057 402 redditus
1072 366 1210 419 atque
1233 358 1357 419 jura,
1373 357 1432 403 ad
1458 357 1556 403 fisci
1580 359 1650 403 sui

257 435 501 481 utilitatem
525 434 629 496 capi
654 443 697 479 et
719 433 878 491 levari,
906 435 1005 479 sine
1030 451 1330 498 quacumque
1354 437 1647 499 exceptione.

320 511 447 556 Istud
469 510 673 556 edictum
694 528 801 556 cum
820 511 1097 574 praecedenti
1115 511 1341 575 publicari
1358 512 1478 571 fecit,
1498 513 1652 558 statim

256 597 504 652 postquam
532 587 744 651 deposita
768 589 815 633 in
839 588 934 634 tede
958 605 1086 634 sacra
1103 626 1113 646 ,
1145 599 1193 634 ut
1218 606 1359 653 supra
1384 589 1649 648 retulimus,

256 664 432 710 tulisset
451 673 590 725 atque
610 664 937 727 deportasset¹.
962 667 1025 709 Ex
1047 681 1141 727 quo
1161 675 1318 711 autem
1334 666 1536 727 justitize,
1562 666 1654 729 pie-

258 741 362 786 tatis
387 749 526 801 atquc
546 740 783 802 religionis
815 740 1074 787 secundum
1096 741 1220 786 istud
1240 741 1444 788 edictum
1470 758 1655 788 emana-

257 816 375 861 verit
413 815 541 860 fonte
560 852 570 869 ,
612 817 903 878 superfluum
939 815 1058 861 foret
1094 816 1219 876 aliis,
1268 834 1406 879 quam
1454 818 1656 881 propriis

258 892 401 954 ipsius
430 890 570 936 edicti
603 879 754 937 verbis
787 890 1033 937 ostendere
1064 891 1219 937 velle2.
1254 896 1503 955 Nunquam
1530 894 1655 939 enim

259 977 396 1014 antea
421 969 570 1014 visum
598 967 746 1014 fuerat
769 984 794 1013 a
818 967 1046 1031 capitulis,
1074 968 1329 1026 canoniciS,
1355 970 1656 1017 ecclesiarum

260 1045 543 1104 rectoribus,
571 1045 854 1109 cappellanis
888 1045 1241 1108 innumerisque
1273 1046 1374 1091 aliis
1413 1048 1656 1094 titulorum

260 1121 682 1168 ecclesiasticorum
721 1121 1202 1182 administratoribus,
1248 1123 1364 1185 exigi
1409 1123 1657 1172 denuntia-

262 1208 447 1258 menta;
477 1199 558 1245 sed
582 1216 667 1244 nec
690 1215 717 1244 a
740 1198 910 1261 quibus
933 1199 1029 1260 jam
1050 1198 1169 1260 exigi
1191 1199 1327 1246 solita
1350 1200 1543 1246 fuissent
1560 1239 1571 1261 ,
1600 1202 1658 1248 ad

263 1275 354 1320 hoc
377 1276 596 1340 compelli
620 1286 671 1321 ut
697 1277 898 1321 minutas
926 1275 1128 1337 singulas
1149 1292 1377 1322 censuum
1397 1286 1535 1340 atque
1555 1278 1660 1324 red-

262 1352 446 1398 dituum
470 1369 664 1398 suorum
687 1351 1033 1416 portiunculas,
1062 1352 1260 1414 qualiter
1286 1354 1333 1397 in
1356 1353 1488 1399 libris
1512 1355 1660 1400 ratio-

263 1446 378 1473 num
415 1445 495 1474 seu
530 1439 862 1492 compotorum
897 1428 1131 1474 interdum
1170 1431 1388 1476 annotari
1426 1431 1657 1488 assolent,

264 1506 576 1565 declararent3
610 1507 690 1553 sed
720 1506 1050 1553 tantummodo
1080 1506 1168 1553 sub
1198 1509 1404 1570 quadam
1432 1511 1661 1571 generali-

265 1594 357 1630 tate
379 1584 516 1630 feoda
532 1585 604 1630 vel
625 1594 785 1644 terras,
810 1600 925 1647 quas
947 1601 1044 1629 non
1063 1585 1109 1630 in
1129 1601 1296 1648 puram
1313 1586 1660 1650 eleemosynam

264 1671 447 1719 tenent,
476 1661 711 1707 declarare
736 1671 1092 1707 consueverant.

330 1741 523 1795 Quantae
562 1748 719 1784 autem
756 1737 1027 1799 hujusmodi
1067 1739 1199 1802 impii
1237 1739 1376 1786 edicti
1415 1742 1663 1788 occasione

267 1815 618 1878 oppressiones,
651 1814 872 1861 molestiae
901 1824 1040 1877 atque
1068 1816 1418 1878 inquietudines
1448 1818 1663 1865 ecclesia-

322 1976 358 2011 1.
390 1973 675 2011 L'ordonnancc
694 2004 702 2020 ,
734 1974 840 2011 datee
865 1974 915 2011 du
943 1976 992 2011 20
1015 1975 1140 2022 juillet
1168 1978 1290 2022 1463,
1310 1985 1365 2013 est
1389 1976 1603 2015 antei-ieme
1629 1986 1665 2015 et

268 2045 343 2069 non
364 2033 595 2083 posterieure
612 2035 633 2069 a
653 2033 917 2070 l'enlcvement
937 2034 1002 2071 (les
1023 2034 1170 2084 de'pots,
1187 2035 1252 2084 qui
1268 2044 1322 2071 est
1342 2035 1393 2072 du
1411 2036 1503 2073 mois
1519 2036 1661 2074 d‘aofit.

322 2093 359 2129 2.
391 2092 421 2128 Il
442 2105 490 2129 ne
510 2092 588 2128 faut
608 2105 673 2142 pas
693 2092 873 2129 entendre
895 2106 962 2142 par
978 2093 1014 2129 la
1032 2093 1122 2142 qu'il
1144 2107 1167 2141 y
1184 2094 1234 2129 ait
1254 2094 1335 2131 rien
1350 2095 1502 2145 d’impie
1518 2110 1665 2134 comme

269 2152 489 2201 expression
515 2151 606 2187 dans
626 2153 660 2188 le
681 2151 871 2201 dispositis
889 2165 965 2188 non
990 2152 1074 2201 plus
1102 2165 1176 2201 que
1197 2151 1289 2189 (lans
1309 2154 1361 2190 les
1382 2154 1639 2192 considerants
1654 2184 1664 2201 ,

269 2210 334 2259 qui
363 2218 446 2247 sont
470 2209 601 2246 fondt's
627 2223 690 2246 sur
710 2224 751 2245 cc
775 2223 848 2259 que
879 2228 893 2241 «
918 2210 1105 2260 plusieurs
1127 2212 1352 2261 entreprises
1372 2221 1438 2249 ont
1457 2214 1514 2250 ete
1540 2228 1609 2264 par
1631 2215 1666 2251 le

270 2277 390 2319 temps
419 2270 525 2319 passe
551 2277 587 2305 et
616 2277 699 2304 sont
723 2269 866 2305 chacun
893 2270 982 2315 jour
1007 2269 1111 2306 saites
1139 2283 1206 2319 par
1228 2270 1280 2307 les
1302 2271 1464 2321 prelats‚
1492 2286 1664 2309 commu-

270 2328 402 2364 nautes
432 2336 468 2364 et
491 2335 615 2364 autres
639 2340 729 2377 gens
753 2326 798 2363 de
822 2326 1068 2364 main-morte
1089 2326 1138 2363 du
1159 2340 1340 2377 royaume
1370 2344 1434 2366 sur
1464 2330 1518 2367 les
1548 2331 1664 2368 droits

270 2386 538 2436 seigneuriaux
562 2394 597 2421 et
623 2385 852 2434 possessions
880 2385 930 2422 ‹lu
959 2385 1016 2421 roi
1043 2394 1079 2422 et
1098 2399 1162 2422 sur
1188 2400 1283 2424 ceux
1303 2387 1349 2425 de
1371 2402 1427 2425 ses
1447 2403 1607 2426 vassaux
1630 2398 1667 2427 et

271 2443 384 2490 sujets
410 2444 491 2481 lais.
519 2461 534 2475 υ
564 2443 764 2480 D'aillcnrs
790 2444 951 2480 l'auteur
979 2444 1161 2481 denature
1182 2445 1235 2482 les
1257 2446 1339 2483 saits
1359 2460 1407 2484 en
1432 2461 1474 2485 ce
1494 2449 1558 2497 qui
1575 2462 1666 2484 con-

272 2516 383 2541 cerne
404 2504 644 2554 l'apparition
663 2504 709 2541 de
728 2513 822 2541 cette
846 2517 1006 2542 mesure.
1031 2504 1111 2541 Elle
1141 2505 1195 2541 sut
1221 2506 1322 2555 prise
1342 2520 1388 2543 en
1409 2507 1595 2544 l'absence
1616 2506 1668 2544 du

273 2563 329 2600 roi
355 2576 424 2613 par
444 2563 478 2600 la
499 2562 678 2600 chambre
700 2562 764 2600 des
782 2571 970 2613 compteS,
994 2564 1103 2614 apres
1122 2564 1310 2614 plusieurs
1330 2565 1596 2602 (lcliberations
1621 2565 1668 2603 de

273 2632 369 2661 cette
394 2636 487 2660 cour
507 2623 749 2670 souveraine,
770 2623 861 2660 dont
881 2623 933 2660 les
952 2624 1275 2674 proces-verbaux
1291 2638 1330 2662 se
1349 2634 1433 2662 sont
1451 2625 1665 2663 conserves.

274 2685 323 2722 lls
351 2692 436 2721 sont
468 2683 662 2734 imprimes
692 2697 784 2721 avec
807 2683 1078 2722 l’ordonnance
1111 2684 1203 2721 dans
1232 2685 1427 2736 l'ouvrage
1457 2692 1493 2720 et
1517 2697 1565 2721 au
1593 2684 1668 2721 lieu

276 2743 449 2793 indiques
468 2742 667 2779 ci-slessus.
