1923 3020
702 235 846 271 LIBER
884 233 1124 280 QUARTUS.
1540 234 1614 269 355

214 321 359 367 modo
376 325 404 381 ยน,
426 320 556 382 quod
583 320 674 366 illic
694 320 1005 367 animadverti
1029 337 1111 366 seu
1133 321 1349 366 aestimari
1368 321 1611 383 potuisset,

213 407 375 443 notam
399 396 608 459 perfidiae
632 407 712 442 aut
746 398 1084 459 cujuscumque
1114 396 1417 460 turpitudinis
1452 396 1526 443 vel
1557 396 1615 442 le-

216 491 319 520 vem
343 473 657 535 suspicionem
680 475 941 532 incurrere,
970 491 1072 536 quae
1094 491 1213 520 verte
1237 473 1470 520 nobilitati
1492 489 1618 520 exse-

213 551 397 598 crandae
417 568 602 614 semper
624 562 670 597 et
692 552 1023 598 abominandae
1044 553 1196 597 solent
1217 554 1449 598 exsistere.

278 627 367 673 Sed
386 627 491 672 licet
517 628 579 672 ita
604 627 704 672 fieri
729 628 974 673 decretum
996 626 1055 672 ab
1081 630 1288 689 Augusto
1307 628 1447 688 foret,
1469 644 1524 674 ea
1546 644 1618 674 res

211 714 368 749 tamen
392 704 682 749 multitudini
706 703 1079 762 Coloniensium,
1103 704 1337 767 praecipue
1355 705 1481 768 apud
1501 721 1620 768 quos

211 795 354 824 naves
378 789 423 824 et
446 779 574 824 bona
599 779 766 825 abacta
789 778 1112 838 servabantur,
1139 779 1447 827 vehementer
1465 781 1622 845 displi-

211 854 368 916 cebat,
388 856 487 900 etsi
506 854 727 916 refragari
746 855 1038 918 potuissent,
1070 856 1230 901 omnia
1259 855 1383 902 bello
1410 857 1618 918 misceri,

211 947 354 993 quam
386 932 732 977 restitutionem
774 930 873 976 fieri
895 968 907 990 ,
945 932 1103 994 potius
1138 932 1412 980 voluissent.
1454 934 1619 995 Unde,

211 1008 326 1053 dum
350 1025 492 1072 super
526 1007 741 1054 facienda
770 1008 1066 1053 restitutione
1096 1007 1253 1053 adhuc
1285 1020 1546 1056 conventus
1577 1021 1624 1057 et

210 1085 406 1130 consilia
431 1084 736 1144 haberentur,
758 1083 817 1130 de
841 1084 1002 1130 castris
1026 1088 1392 1145 Germanorum,
1414 1088 1623 1148 quodam

210 1162 338 1207 velut
361 1162 517 1208 surore
533 1179 616 1208 seu
640 1162 786 1207 nimia
806 1162 1069 1207 temeritate
1088 1162 1277 1222 inxecti,
1299 1164 1510 1208 exierunt
1532 1165 1622 1210 cir-

211 1239 326 1286 citer
361 1239 692 1302 quadringenti
721 1239 808 1284 viri
839 1239 1046 1302 pedites,
1081 1241 1175 1285 suis
1207 1241 1421 1286 instructi
1452 1242 1619 1300 armis,

210 1317 290 1378 qui
310 1327 460 1362 castra
487 1315 907 1378 Burgundionum,
937 1317 1019 1379 qui
1043 1332 1187 1380 parvo
1210 1317 1456 1363 intervallo
1487 1335 1512 1364 a
1545 1335 1622 1365 ca-

211 1394 316 1439 stris
347 1394 642 1457 imperatoris
677 1393 942 1452 distabant,
982 1395 1177 1457 propius
1209 1405 1318 1440 sunt
1353 1396 1454 1440 ausi
1491 1412 1622 1441 acce-

211 1470 364 1517 dere2'.
390 1470 587 1516 Aiebant
610 1471 737 1516 enim
760 1487 809 1516 se
830 1470 949 1516 velle
973 1472 1173 1534 experiri
1197 1472 1235 1517 si
1263 1471 1622 1533 Burgundiones

210 1548 296 1593 viri
314 1548 514 1594 animosi
532 1558 703 1606 essent,
731 1550 813 1611 qui
833 1549 898 1594 eis
916 1548 1148 1595 auderent
1166 1549 1410 1611 congredi.
1446 1551 1623 1595 Verum

212 1624 259 1670 id
290 1626 502 1688 profecto
533 1643 631 1671 non
662 1642 808 1688 parvo
840 1643 928 1671 suo
961 1625 1247 1672 detrimento
1281 1636 1391 1672 sunt
1426 1627 1621 1689 experti.

213 1701 341 1748 Illico
367 1704 494 1748 enim
526 1719 551 1748 e
589 1702 982 1765 Burgundionum
1015 1703 1177 1749 castris
1212 1704 1505 1762 exsilierunt,
1543 1704 1625 1766 qui

212 1795 294 1824 eos
323 1780 370 1823 in
398 1788 640 1824 momento
665 1778 983 1838 trucidarunt,
1015 1790 1061 1825 et
1091 1781 1232 1825 armis
1262 1790 1307 1825 et
1335 1780 1624 1825 vestimentis

213 1855 462 1918 spoliatos,
490 1857 629 1902 etiam
647 1856 693 1900 in
714 1865 966 1918 prospectu
984 1873 1205 1914 suorum,
1233 1857 1314 1919 qui
1338 1857 1385 1901 in
1411 1857 1505 1901 suis
1528 1873 1625 1902 ma-

213 1932 388 1978 nebant
420 1933 608 1990 castris,
648 1933 886 1995 expositos
916 1932 1076 1978 bestiis
1108 1944 1240 1978 terrae
1272 1943 1318 1978 et
1350 1932 1624 1979 volucribus

213 2011 318 2055 coeli
348 2010 503 2056 nudos
536 2010 843 2072 reliquerunt.
887 2010 1030 2065 Quod
1062 2010 1278 2073 profecto
1314 2010 1488 2055 factum
1525 2026 1623 2057 esse

213 2086 418 2131 creditur
443 2086 502 2132 ad
526 2086 821 2149 disciplinam
845 2086 1034 2148 publice
1072 2086 1401 2144 sanciendam,
1431 2097 1485 2133 ut
1523 2104 1623 2134 non

216 2162 347 2207 facile
386 2163 565 2221 caeteri,
612 2178 668 2207 eo
706 2161 915 2207 deterriti
950 2162 1193 2225 exempl0,
1239 2162 1417 2225 aliquid
1456 2173 1625 2210 contra

214 2238 409 2283 vetitum
427 2238 722 2301 imperatoris
745 2247 825 2282 aut
845 2238 943 2299 ejus
964 2238 1257 2298 mandatum,
1282 2241 1626 2286 contumaciter

215 2324 261 2359 et
300 2314 628 2360 inobedienter
663 2323 744 2359 aut
781 2323 954 2359 temere
990 2323 1217 2360 attentare
1256 2327 1620 2378 praesumerent,

215 2391 622 2452 quemadmodum
642 2391 706 2436 illi
726 2391 1074 2455 praesumpsisse
1097 2390 1390 2438 dicebantur.

280 2471 418 2514 Facta
444 2468 583 2529 igitur
610 2468 693 2513 suit
716 2468 948 2514 restitutio
977 2467 1245 2515 ablatorum
1273 2469 1384 2516 duci
1408 2472 1627 2532 Burgun-

267 2649 304 2684 1.
340 2649 532 2685 Commodo
555 2646 648 2683 dans
667 2646 702 2683 le
721 2658 791 2684 ms.

267 2712 304 2746 2.
334 2713 386 2746 Le
406 2711 455 2746 26
472 2709 555 2756 juin
576 2711 693 2747 1475.
