1923 3020
708 256 852 291 LIBER
883 256 1079 291 PRIMUS.
1546 259 1594 293 65

199 360 300 404 quae.
329 344 533 406 perpessi
558 342 773 401 fuissent,
802 343 951 388 vicem
978 341 1192 387 hostibus
1224 342 1393 388 referre
1419 352 1595 405 satage-

198 419 326 465 bant.

264 494 419 556 Captis
448 495 586 557 igitur
615 489 1270 558 Catalanorum-direptisque
1312 506 1357 542 et
1394 498 1596 544 incensis

201 572 360 617 castris
383 588 461 617 seu
490 572 697 629 bastiliis,
725 573 803 634 qui
826 581 1081 635 potuerunt
1103 590 1156 618 ex
1180 572 1253 618 his
1282 574 1363 636 qui
1396 574 1453 620 de
1486 575 1597 620 foris

202 664 356 694 arcem
389 642 698 705 obsidebant,
720 658 765 694 et
789 648 837 693 hi
868 650 946 711 qui
973 649 1093 694 intra
1121 649 1351 713 oppidum
1380 661 1509 696 erant
1538 651 1597 697 ad

202 722 451 786 stipendia,
475 723 647 785 fugam,
678 725 858 770 cixibus
881 724 1128 782 derelictis,
1156 726 1472 789 arripuerunt.
1508 728 1600 783 Qui

205 801 364 862 utique
397 800 518 846 cives
553 802 598 845 in
629 802 834 864 praedam
872 801 1279 864 direptionemque
1310 803 1453 849 Gallis
1492 821 1600 850 ces—

204 876 388 933 sissent,
428 876 514 921 nisi
545 877 690 939 pietas
725 888 769 923 et
808 877 1053 923 clementia
1086 877 1206 922 illius
1242 878 1431 925 illustris
1468 880 1600 925 ducis

206 955 526 999 Nemorsensis
544 955 747 1001 furorem
770 956 967 1000 militum
990 964 1127 1016 atque
1150 955 1376 1018 impetum
1397 973 1479 1002 sua
1497 974 1601 1020 pru-

206 1031 364 1078 dentia
378 1032 680 1078 cohibuisset.
699 1036 798 1078 Hoc
814 1048 1015 1094 namque
1034 1047 1319 1095 magnopere
1336 1033 1421 1095 ipsi
1438 1035 1601 1078 Franci

207 1108 484 1171 cupiebant,
521 1110 718 1155 scientes
753 1109 975 1155 maximas
1010 1107 1072 1152 ibi
1108 1124 1222 1171 opes
1254 1109 1603 1173 pretiosamque

206 1185 539 1248 supellectilem
574 1186 765 1249 copiose
798 1202 845 1231 se
880 1186 1179 1243 inventuros3
1220 1185 1298 1230 sed
1339 1185 1604 1248 benignitas

208 1262 373 1324 optimi
396 1262 517 1308 illius
542 1263 674 1308 ducis
706 1263 883 1308 obstitit
913 1261 1185 1324 civibusque
1209 1262 1464 1310 clementer
1488 1281 1602 1310 con-

207 1338 374 1395 suluit,
414 1340 494 1402 qui
531 1340 670 1384 etiam
709 1356 844 1384 suum
882 1355 979 1384 non
1018 1339 1277 1385 nescientes
1312 1340 1600 1402 periculum,

210 1415 441 1479 supplices
472 1415 843 1461 misericordiam
873 1414 1188 1478 postulabant.
1223 1418 1375 1472 Quam
1408 1418 1602 1480 quidem

208 1494 510 1553 invenerunt,
537 1493 675 1539 bonis
699 1502 791 1539 tam
817 1491 1068 1538 mobilibus
1088 1509 1230 1554 quam
1253 1493 1601 1554 immobilibus,

208 1571 364 1634 priore
389 1588 577 1634 quoque
602 1570 812 1616 libertate
844 1586 936 1633 qua
969 1569 1056 1615 sub
1088 1570 1180 1615 suis
1213 1570 1401 1633 regibus
1429 1573 1604 1633 Arago—

212 1664 326 1693 num
352 1648 487 1710 potiti
511 1647 715 1704 fuerant,
742 1646 916 1693 eisdem
940 1647 1128 1692 servatis
1151 1655 1196 1691 et
1221 1649 1448 1693 retentis1.

275 1727 337 1769 Ex
360 1724 452 1770 hoc
476 1725 649 1786 itaque,
676 1724 712 1769 si
732 1723 845 1786 quid
863 1723 1102 1769 residuum
1123 1722 1366 1769 rebellium
1390 1724 1538 1770 fuerat
1558 1726 1604 1770 in

210 1801 434 1846 comitatu
455 1800 744 1856 RossilioniS,
768 1799 965 1845 Podium
987 1816 1176 1863 quoque
1194 1800 1472 1856 Ceritaniff,
1497 1817 1605 1845 cum

215 1877 425 1940 pluribus
456 1877 654 1923 castellis
689 1876 897 1938 ejusdem
929 1876 1199 1935 comitatus,
1236 1877 1282 1921 in
1316 1876 1605 1922 deditionem

212 1964 397 2017 recepta
428 1964 559 2010 sunt,
598 1963 642 1999 et
676 1969 701 1999 a
735 1953 1070 1999 communitate
1102 1952 1345 1998 rebellium
1379 1953 1438 1998 ad
1468 1970 1605 1999 suum

212 2027 371 2094 regem
400 2031 627 2076 revoluta.

277 2111 453 2153 Verum
492 2124 600 2153 cum
634 2106 874 2152 Gallorum
919 2107 1060 2152 armis
1100 2106 1149 2151 hi
1190 2105 1286 2151 duo
1326 2109 1603 2167 comitatus,

218 2184 486 2230 Rossilionis
518 2184 690 2230 scilicet
712 2193 755 2229 et
780 2183 1043 2239 Ceritaniae,
1069 2181 1259 2227 edomiti
1282 2183 1471 2229 fuissent
1498 2184 1608 2230 obe-

215 2259 489 2322 dientesque
519 2260 666 2305 effecti
693 2257 1116 2321 (quemadmodum
1140 2268 1183 2302 et
1204 2258 1410 2320 reliquos
1432 2260 1491 2305 de
1512 2270 1608 2306 tota

214 2337 484 2394 Catalonia,
538 2337 632 2399 regi
669 2352 754 2381 suo
794 2334 1012 2392 rebelles,
1054 2334 1287 2380 edomitos
1327 2345 1468 2398 atque
1519 2337 1608 2383 sibi

215 2423 433 2476 parentes
461 2413 656 2459 reddere
687 2416 973 2458 Francorum
1000 2427 1155 2472 regern
1186 2412 1439 2474 recepisse³
1469 2423 1610 2476 atque

271 2559 307 2593 1.
341 2556 430 2592 Voir
456 2555 674 2592 l‘Abolinon
703 2555 884 2592 accordee
903 2568 977 2592 aux
1005 2553 1192 2591 habitants
1222 2554 1269 2591 de
1300 2556 1532 2606 Perpignan,
1563 2571 1609 2595 en

213 2615 337 2663 juillet
359 2616 472 2652 1463.
501 2616 759 2650 Ordonncmces
775 2616 837 2650 des
853 2618 926 2649 rois
942 2615 986 2649 de
999 2615 1156 2658 Frcmce,
1175 2621 1200 2651 t.
1221 2615 1324 2659 XVI,
1347 2628 1384 2664 p.
1404 2617 1467 2651 47.

270 2675 308 2713 2.
341 2675 738 2720 Poclium-Cericaniae‚
759 2672 967 2723 Puycerda.

276 2735 308 2770 3.
343 2732 517 2782 Corrigcr
533 2735 742 2780 suscepisse,

431 2816 463 2837 11
1383 2805 1404 2838 ὅ
