1923 3020
270 237 345 271 250
633 233 966 268 HISTORIARUM
995 234 1224 267 LUDOVICI
1257 235 1309 268 Xl

272 333 402 379 runt,
435 340 481 367 se
512 335 665 380 regcm
696 328 918 380 tanquam
951 319 1198 364 dominum
1225 335 1361 363 suum
1387 320 1676 381 superiorem

271 410 310 443 et
373 395 619 459 capitalem
677 409 930 455 agnoscere
956 430 966 451 ,
1016 394 1186 439 ducem
1238 410 1349 438 vero
1402 395 1678 456 Burgundiae

273 475 536 537 proximum
563 480 606 516 et
632 470 956 516 immediatum
980 487 1028 516 se
1056 470 1258 528 l1abere3
1287 471 1362 515 cui
1391 487 1498 516 cum
1529 471 1678 517 fideli·

272 552 374 595 tatis
393 548 759 610 bommagiique,
781 548 917 609 regiis
937 547 1144 609 jussibus
1161 557 1206 592 et
1226 547 1473 604 mandatis,
1502 549 1677 611 pra’sti·

273 627 433 671 tissent
462 633 777 683 sacramenta,
808 641 906 669 non
938 640 1076 687 posse
1107 623 1166 669 ab
1200 640 1257 669 eo
1290 623 1488 670 deficere
1518 624 1578 670 ad
1608 641 1677 670 re-

272 718 470 765 gemque
494 702 720 761 transire,
756 718 812 746 eo
846 702 1028 747 secluso
1058 711 1102 746 et
1132 701 1326 764 rejecto;
1361 700 1501 747 fidem
1535 717 1676 764 quam

271 779 357 825 sibi
383 778 685 824 mandaverat
708 777 972 836 observari,
1001 788 1046 823 et
1077 778 1136 823 ad
1168 794 1271 823 eam
1300 777 1580 824 servandam
1609 794 1677 824 sa-

272 864 512 902 cramento
538 855 660 917 adigi
686 855 893 901 voluerat
912 858 938 912 ¹,
965 872 1013 900 se
1035 855 1207 900 violare
1228 872 1325 900 non
1351 872 1508 918 posse3
1534 872 1678 918 quam

275 944 429 979 tamen
467 932 765 978 observando
796 942 840 977 et
872 932 1144 990 retinendo,
1179 949 1335 993 regem
1373 932 1678 978 nihilominus

274 1012 417 1057 veluti
458 1027 733 1074 supremum
774 1009 1021 1055 dominum
1062 1026 1246 1072 semper
1283 1020 1672 1069 recognoscerent

274 1100 313 1135 et
345 1089 588 1135 haberent.
617 1089 661 1132 Si
689 1105 798 1133 vero
824 1104 904 1133 eos
931 1088 1074 1147 nude,
1094 1097 1138 1132 et
1162 1087 1341 1149 absque
1366 1087 1553 1132 alterius
1573 1088 1681 1133 sub-

275 1165 584 1211 alternatione
626 1181 705 1209 seu
744 1164 1030 1210 mediatione
1065 1163 1273 1222 domini,
1313 1162 1488 1208 habere
1516 1162 1676 1221 vellet,

276 1241 588 1305 precabantur
612 1250 662 1285 ut
680 1257 816 1302 agere
841 1241 975 1286 vellet
1001 1257 1110 1285 cum
1134 1239 1524 1301 Burgundionum
1541 1239 1678 1299 duce,

275 1319 373 1373 cui,
411 1334 467 1363 eo
504 1318 800 1380 praecipiente
838 1325 883 1362 et
918 1316 1193 1375 mandante,
1237 1332 1370 1362 suam
1409 1316 1553 1362 fidem
1588 1316 1680 1362 ob-

275 1396 579 1453 strinxerant,
609 1404 656 1439 ut
681 1411 761 1439 eos
793 1410 817 1439 a
851 1394 944 1439 fide
968 1404 1013 1439 et
1042 1410 1065 1438 a
1096 1395 1401 1439 sacramentis
1432 1394 1521 1439 sibi
1554 1393 1681 1439 sactis

274 1481 319 1516 et
342 1473 553 1535 praestitis
575 1471 855 1517 absolveret.
884 1475 984 1517 Hoc
1010 1471 1155 1529 sacto,
1177 1488 1285 1516 cum
1304 1470 1435 1516 bono
1457 1471 1615 1517 animo
1638 1481 1683 1517 et

274 1547 450 1611 absque
475 1549 747 1606 coactione,
774 1547 975 1593 libenter
999 1565 1046 1593 se
1078 1550 1170 1610 regi
1196 1548 1462 1605 dedituros,
1489 1547 1682 1610 ejusque

275 1627 526 1687 majestatis
551 1625 760 1687 jussibus
783 1642 866 1689 per
896 1626 1057 1671 onmia
1090 1626 1322 1689 parituros
1353 1642 1361 1668 :
1386 1623 1516 1687 quod
1541 1624 1678 1681 alias,

273 1720 381 1748 cum
402 1703 646 1749 honestate
664 1713 707 1748 et
726 1702 902 1765 absque
924 1713 1052 1749 reatu
1072 1703 1262 1766 perjurii
1286 1713 1327 1749 et
1350 1701 1573 1765 perfidiae,
1595 1701 1683 1746 mi·-

275 1782 402 1827 nime
427 1782 575 1827 facere
597 1791 805 1844 possent.

339 1862 458 1904 Cum
494 1859 582 1904 bac
619 1859 924 1922 responsione
961 1874 1065 1913 eos,
1093 1858 1174 1919 qui
1204 1873 1251 1902 se
1280 1856 1340 1902 ad
1370 1855 1681 1901 defectionem

276 1937 660 1993 sollicitaverant,
687 1937 797 1981 satis
820 1935 1078 1998 prudenter
1102 1944 1147 1979 et
1171 1933 1385 1979 consulte
1410 1932 1683 1977 remiserant

277 2014 541 2075 expeditos3
570 2013 652 2058 sed
684 2030 817 2070 cum,
850 2029 946 2057 non
981 2011 1279 2057 obstantibus
1310 2010 1409 2068 his,
1445 2008 1682 2053 sollicitari

278 2090 462 2152 plebem
493 2107 518 2135 a
550 2100 680 2153 parte
710 2091 827 2152 regis
861 2089 1052 2134 minime
1076 2097 1348 2144 cessaretur,
1379 2086 1518 2132 stulta
1542 2094 1587 2130 et
1610 2086 1683 2130 in-

278 2166 368 2212 fida
401 2167 530 2229 plebs
562 2184 663 2228 qua),
698 2183 919 2227 magnum
947 2165 1135 2228 aliquod
1162 2164 1386 2226 consequi
1418 2179 1464 2208 se
1488 2162 1683 2206 aestima-

279 2242 382 2299 bat,
410 2243 445 2286 si
474 2242 559 2286 sub
584 2244 746 2303 regalis
775 2243 941 2303 fastigii
967 2242 1153 2287 titulum
1175 2241 1452 2294 devenisset,
1475 2238 1563 2284 alia
1585 2238 1684 2282 vice

279 2318 573 2364 venientibus
614 2318 671 2362 ad
705 2336 752 2364 se
798 2320 1011 2380 equitum
1048 2318 1213 2362 turmis
1252 2327 1297 2362 et
1328 2316 1522 2361 nomine
1555 2314 1683 2376 regio

280 2396 527 2442 intromitti
558 2396 926 2457 postulantibus,
953 2414 1032 2441 cos
1061 2397 1187 2441 intus
1210 2394 1420 2450 admisit,
1449 2403 1493 2438 et
1519 2409 1544 2438 a
1570 2395 1685 2437 Bur-

280 2535 351 2557 aux
381 2521 560 2557 environs
585 2519 777 2556 (l'Amicns
792 2552 800 2565 ‚
830 2524 885 2570 s'y
911 2522 1000 2557 etait
1022 2520 1219 2557 introduit.
1246 2519 1339 2556 Mais
1360 2517 1487 2567 quand
1508 2517 1530 2553 il
1553 2524 1613 2553 sut
1633 2516 1684 2551 les

281 2580 522 2629 dispositions
548 2580 596 2615 du
624 2592 735 2614 menn
764 2580 920 2628 pcuplc,
950 2580 972 2616 il
1003 2594 1041 2616 sc
1067 2589 1202 2616 trouva
1224 2588 1309 2628 trop
1330 2591 1403 2629 peu
1424 2576 1568 2614 escorte
1590 2587 1684 2625 pout·

281 2654 364 2674 osvi-
386 2653 408 2688 y
428 2649 568 2678 entrer.
591 2639 819 2679 commines,
842 2639 869 2678 l.
893 2641 962 2686 ΙΙΙ,
983 2640 1042 2675 ch.
1067 2654 1107 2676 11.

344 2701 352 2733 1
370 2729 374 2733 .
413 2702 615 2735 Voluerunt
634 2699 728 2735 (lans
749 2698 781 2734 le
803 2711 871 2734 ms.
