1923 3020
228 271 301 306 198
592 267 935 303 HISTORIARUM
962 267 1198 304 LUDOVICI
1235 268 1293 303 XI

225 358 517 420 semetipsos
546 358 602 400 Et
625 371 735 401 cum
759 371 857 400 non
884 354 993 401 satis
1016 353 1318 401 metallorum
1344 355 1534 418 copiam
1554 355 1642 401 sibi

225 434 373 480 affore
401 442 678 495 praesentem
711 432 772 478 ad
797 431 1090 478 bombardas
1122 433 1369 495 variasque
1400 430 1643 477 machinas

228 509 525 556 fabricandas
543 526 626 555 seu
646 508 914 555 fundendas
935 510 1245 573 inspicerent,
1267 509 1407 554 etiam
1424 508 1645 554 locorum

227 603 472 633 sacrorum
503 596 549 632 et
581 586 840 632 domorum
874 587 959 632 Dei
994 586 1195 649 (quibus
1229 585 1555 649 copiosissime
1581 601 1645 646 ‘ac

228 663 691 726 magnificentissime
711 662 826 709 urbs
847 663 948 727 ipsa
972 663 1192 725 insignita
1216 672 1261 709 et
1284 662 1506 708 decorata
1526 661 1644 722 erat)

228 741 470 805 campanis
504 750 550 786 et
580 740 911 786 tintinnabulis
952 741 1147 786 minime
1186 749 1523 803 pepercerunt,
1564 738 1647 784 sed

229 817 387 882 plures
417 834 472 863 ex
504 817 569 863 eis
598 834 624 863 a
652 818 795 863 sacris
825 816 1013 877 usibus,
1050 817 1223 880 quibus
1247 817 1412 863 dicatae
1437 816 1644 875 fuerant,

227 895 288 941 ad
311 894 644 956 hujuscemodi
668 894 894 958 profanos
917 903 963 940 et
986 894 1236 957 sacrilegos
1259 911 1372 939 usus
1395 893 1649 939 transferre

229 981 647 1036 praesumpserunt.

296 1051 414 1094 Cum
447 1058 607 1094 autem
640 1058 760 1094 esset
791 1048 1043 1112 episcopus
1076 1064 1189 1093 suus
1224 1047 1272 1091 in
1308 1046 1490 1110 oppido
1524 1050 1651 1093 Tun·

232 1127 414 1189 grensi¹
452 1143 562 1172 cum
610 1135 735 1174 certa
783 1124 1000 1171 custodia
1039 1123 1271 1181 militum,
1322 1133 1419 1170 tam
1455 1141 1652 1170 suorum

233 1219 379 1267 quam
411 1202 544 1249 ducis
575 1201 996 1264 Burgundionum,
1030 1201 1142 1264 ipsis
1165 1200 1361 1246 minime
1384 1201 1585 1265 provide
1609 1211 1656 1247 et

235 1290 371 1327 caute
394 1280 483 1326 sibi
509 1279 922 1345 prospicientibus,
950 1288 996 1324 et
1018 1278 1078 1324 ad
1103 1294 1237 1323 suam
1260 1278 1517 1341 patriaeque
1537 1287 1656 1324 tute-

235 1358 330 1403 lam
371 1375 470 1403 non
509 1358 619 1402 satis
662 1356 891 1413 sollicite,
938 1355 1021 1401 sed
1066 1355 1223 1419 potius
1261 1354 1322 1400 ad
1362 1354 1655 1418 voluptatem

236 1443 379 1496 atque
405 1433 640 1492 lascivias,
677 1441 936 1478 nocturnas
963 1431 1145 1494 vigilias
1179 1441 1225 1476 et
1259 1429 1480 1476 excubias
1514 1446 1656 1492 agen-

240 1511 392 1571 tibus,
434 1521 581 1556 noctu
616 1509 906 1556 irruentibus
941 1510 987 1554 in
1024 1526 1106 1555 eos
1138 1509 1250 1572 ipsis
1287 1507 1652 1567 Leodiensibus,

239 1588 573 1652 comprehensi
593 1597 720 1633 sunt.
746 1590 803 1634 Et
821 1587 869 1632 in
890 1586 1103 1632 hostium
1121 1585 1317 1649 quidem
1334 1602 1503 1631 manus
1523 1584 1659 1630 deve-

241 1676 413 1714 nerunt
438 1668 537 1731 ipse
566 1667 817 1730 episcopus
845 1675 891 1712 et
921 1664 1119 1728 quidam
1145 1665 1419 1728 capitaneus
1445 1667 1659 1726 Burgun-

243 1743 489 1803 dionum²,
520 1743 765 1788 nonnullis
794 1759 850 1788 ex
879 1741 1106 1787 militibus
1135 1741 1284 1800 caesis,
1318 1739 1493 1785 caeteris
1520 1755 1656 1797 vero,

242 1820 416 1883 quibus
456 1805 651 1865 facultas
699 1819 814 1878 fuit,
865 1834 950 1882 per
996 1818 1155 1880 sugam
1201 1815 1464 1863 tenebrosae
1508 1816 1660 1861 noctis

241 1898 426 1962 elapsis.

310 1977 403 2033 Qui
437 1993 547 2022 cum
579 1976 703 2040 capti
736 1973 966 2020 Leodium
1001 1973 1194 2020 adducti
1229 1972 1448 2032 fuissent,
1485 1971 1660 2017 mirum

245 2053 382 2100 valde
405 2063 474 2099 est
494 2053 742 2117 quomodo
766 2053 887 2098 inter
911 2052 1073 2098 turbas
1097 2062 1195 2097 tam
1215 2051 1502 2096 furiosorum
1527 2059 1573 2095 et
1592 2059 1662 2095 tu-

248 2130 599 2177 multuosorum
623 2130 947 2195 plebeiorum,
977 2129 1144 2174 mortis
1165 2127 1428 2192 periculum
1459 2127 1662 2189 effugere

247 2216 537 2270 potuerunt;
570 2208 829 2271 prasertim
855 2223 965 2252 cum
1001 2205 1217 2251 omnium
1255 2204 1401 2250 ferme
1427 2203 1663 2249 malorum

248 2301 445 2330 suorum
475 2301 638 2332 causas
669 2286 717 2331 in
748 2284 970 2331 eumdem
1001 2300 1141 2329 suum
1175 2283 1455 2347 episcopum
1484 2291 1530 2327 et
1553 2298 1664 2327 suo-

250 2378 357 2408 rum
382 2361 654 2407 officialium
673 2363 862 2426 rapinas
881 2371 928 2408 et
944 2361 1082 2408 dolos
1101 2360 1385 2423 detorquere
1405 2358 1611 2405 solerent
1625 2360 1661 2417 ³,

305 2521 341 2556 1.
378 2519 625 2569 szglmrensi
649 2518 742 2556 dans
761 2520 796 2557 le
817 2534 887 2560 ms.
915 2523 1015 2558 C'est
1039 2522 1229 2570 Tongres,
1256 2518 1442 2555 ancienne
1465 2515 1557 2553 ville
1581 2516 1664 2567 c'pi-

251 2579 402 2631 scopale
418 2579 469 2616 du
486 2578 652 2622 diocese,
672 2579 736 2628 qui
755 2579 844 2617 &tait
861 2580 1050 2627 devenue,
1073 2593 1122 2617 au
1141 2591 1280 2629 moyen
1299 2580 1383 2629 age,
1406 2578 1443 2614 la
1463 2576 1663 2613 forteresse

253 2640 319 2677 des
342 2642 507 2689 &eques
531 2638 576 2675 de
600 2639 730 2689 Lie'ge.

309 2703 345 2738 2.
379 2700 511 2738 C’etait
531 2700 565 2737 le
586 2699 763 2751 seigneur
784 2699 1120 2745 ‹l’Humbm-court,
1142 2698 1214 2735 Gui
1235 2698 1281 2735 do
1303 2696 1470 2734 Brimou.

307 2764 343 2798 3.
377 2764 501 2797 Solent
521 2761 614 2798 dans
636 2761 669 2797 le
692 2774 760 2797 ms.
