<?xml version="1.0" encoding="UTF-8"?>
<!DOCTYPE html PUBLIC "-//W3C//DTD XHTML 1.0 Transitional//EN"
    "http://www.w3.org/TR/xhtml1/DTD/xhtml1-transitional.dtd">
<html xmlns="http://www.w3.org/1999/xhtml" xml:lang="en" lang="en">
 <head>
  <title>
</title>
<meta http-equiv="Content-Type" content="text/html;charset=utf-8" />
  <meta name='ocr-system' content='tesseract 3.04.00' />
  <meta name='ocr-capabilities' content='ocr_page ocr_carea ocr_par ocr_line ocrx_word'/>
</head>
<body>
  <div class='ocr_page' id='page_1' title='image "./histoiredesrgn02basi_0214.png"; bbox 0 0 1923 3020; ppageno 0'>
   <div class='ocr_carea' id='block_1_1' title="bbox 254 262 1299 308">
    <p class='ocr_par' dir='ltr' id='par_1_1' title="bbox 254 262 1299 308">
     <span class='ocr_line' id='line_1_1' title="bbox 254 262 1299 308; baseline -0.009 0"><span class='ocrx_word' id='word_1_1' title='bbox 254 271 329 308; x_wconf 75' lang='lat'>134</span> <span class='ocrx_word' id='word_1_2' title='bbox 616 262 954 302; x_wconf 85' lang='lat' dir='ltr'><strong>HISTORIARUM</strong></span> <span class='ocrx_word' id='word_1_3' title='bbox 981 262 1217 300; x_wconf 89' lang='lat' dir='ltr'>LUDOVICI</span> <span class='ocrx_word' id='word_1_4' title='bbox 1243 264 1299 299; x_wconf 88' lang='lat' dir='ltr'>XI</span> 
     </span>
    </p>
   </div>
   <div class='ocr_carea' id='block_1_2' title="bbox 247 349 1661 1262">
    <p class='ocr_par' dir='ltr' id='par_1_2' title="bbox 247 349 1661 1262">
     <span class='ocr_line' id='line_1_2' title="bbox 319 349 1660 414; baseline -0.003 -13"><span class='ocrx_word' id='word_1_5' title='bbox 319 357 411 413; x_wconf 89' lang='lat' dir='ltr'>Qui</span> <span class='ocrx_word' id='word_1_6' title='bbox 450 354 590 400; x_wconf 88' lang='lat' dir='ltr'>etiam</span> <span class='ocrx_word' id='word_1_7' title='bbox 629 351 942 397; x_wconf 80' lang='lat' dir='ltr'>Dinantenses</span> <span class='ocrx_word' id='word_1_8' title='bbox 979 350 1028 395; x_wconf 91' lang='lat' dir='ltr'>in</span> <span class='ocrx_word' id='word_1_9' title='bbox 1060 359 1244 395; x_wconf 88' lang='lat' dir='ltr'>tantum</span> <span class='ocrx_word' id='word_1_10' title='bbox 1283 349 1582 414; x_wconf 85' lang='lat' dir='ltr'>procacitatis</span> <span class='ocrx_word' id='word_1_11' title='bbox 1613 360 1660 397; x_wconf 86' lang='lat' dir='ltr'>et</span> 
     </span>
     <span class='ocr_line' id='line_1_3' title="bbox 253 426 1660 493; baseline -0.004 -14"><span class='ocrx_word' id='word_1_12' title='bbox 253 432 449 479; x_wconf 84' lang='lat' dir='ltr'>vesaniae</span> <span class='ocrx_word' id='word_1_13' title='bbox 474 436 830 493; x_wconf 86' lang='lat' dir='ltr'>proruperunt,</span> <span class='ocrx_word' id='word_1_14' title='bbox 872 436 924 472; x_wconf 88' lang='lat' dir='ltr'>ut</span> <span class='ocrx_word' id='word_1_15' title='bbox 951 426 1048 471; x_wconf 86' lang='lat' dir='ltr'>ausi</span> <span class='ocrx_word' id='word_1_16' title='bbox 1089 426 1183 472; x_wconf 88' lang='lat' dir='ltr'>sint</span> <span class='ocrx_word' id='word_1_17' title='bbox 1211 426 1513 473; x_wconf 82' lang='lat' dir='ltr'>simulacrum</span> <span class='ocrx_word' id='word_1_18' title='bbox 1546 442 1660 490; x_wconf 85' lang='lat' dir='ltr'>prae-</span> 
     </span>
     <span class='ocr_line' id='line_1_4' title="bbox 255 503 1659 567; baseline -0.004 -13"><span class='ocrx_word' id='word_1_19' title='bbox 255 509 332 555; x_wconf 85' lang='lat' dir='ltr'>fati</span> <span class='ocrx_word' id='word_1_20' title='bbox 377 506 565 552; x_wconf 87' lang='lat' dir='ltr'>illustris</span> <span class='ocrx_word' id='word_1_21' title='bbox 601 505 787 551; x_wconf 85' lang='lat' dir='ltr'>comitis</span> <span class='ocrx_word' id='word_1_22' title='bbox 821 504 881 550; x_wconf 91' lang='lat' dir='ltr'>de</span> <span class='ocrx_word' id='word_1_23' title='bbox 921 503 1164 549; x_wconf 76' lang='lat' dir='ltr'>Clzalorois</span> <span class='ocrx_word' id='word_1_24' title='bbox 1191 505 1240 548; x_wconf 92' lang='lat' dir='ltr'>in</span> <span class='ocrx_word' id='word_1_25' title='bbox 1279 503 1470 567; x_wconf 87' lang='lat' dir='ltr'>publica</span> <span class='ocrx_word' id='word_1_26' title='bbox 1505 504 1659 567; x_wconf 80' lang='lat' dir='ltr'><strong>platea</strong></span> 
     </span>
     <span class='ocr_line' id='line_1_5' title="bbox 251 579 1658 647; baseline -0.002 -17"><span class='ocrx_word' id='word_1_27' title='bbox 251 584 320 631; x_wconf 92' lang='lat' dir='ltr'>sui</span> <span class='ocrx_word' id='word_1_28' title='bbox 344 583 555 647; x_wconf 86' lang='lat' dir='ltr'>oppidi¹,</span> <span class='ocrx_word' id='word_1_29' title='bbox 590 591 748 629; x_wconf 90' lang='lat' dir='ltr'>erecto</span> <span class='ocrx_word' id='word_1_30' title='bbox 771 579 1014 645; x_wconf 81' lang='lat' dir='ltr'>patibulo,</span> <span class='ocrx_word' id='word_1_31' title='bbox 1048 579 1362 644; x_wconf 82' lang='lat' dir='ltr'>suspendere,</span> <span class='ocrx_word' id='word_1_32' title='bbox 1397 590 1443 627; x_wconf 92' lang='lat' dir='ltr'>et</span> <span class='ocrx_word' id='word_1_33' title='bbox 1470 580 1658 645; x_wconf 86' lang='lat' dir='ltr'>publice</span> 
     </span>
     <span class='ocr_line' id='line_1_6' title="bbox 249 657 1657 725; baseline -0.001 -19"><span class='ocrx_word' id='word_1_34' title='bbox 249 661 544 725; x_wconf 80' lang='lat' dir='ltr'>proclamare</span> <span class='ocrx_word' id='word_1_35' title='bbox 589 669 634 705; x_wconf 89' lang='lat' dir='ltr'>et</span> <span class='ocrx_word' id='word_1_36' title='bbox 682 657 934 704; x_wconf 84' lang='lat' dir='ltr'>decantare</span> <span class='ocrx_word' id='word_1_37' title='bbox 976 657 1180 703; x_wconf 81' lang='lat' dir='ltr'>irrisorie</span> <span class='ocrx_word' id='word_1_38' title='bbox 1220 674 1305 721; x_wconf 89' lang='lat' dir='ltr'>per</span> <span class='ocrx_word' id='word_1_39' title='bbox 1336 667 1488 704; x_wconf 87' lang='lat' dir='ltr'>totum</span> <span class='ocrx_word' id='word_1_40' title='bbox 1518 675 1657 705; x_wconf 89' lang='lat' dir='ltr'>suum</span> 
     </span>
     <span class='ocr_line' id='line_1_7' title="bbox 249 734 1658 802; baseline -0.001 -18"><span class='ocrx_word' id='word_1_41' title='bbox 249 737 511 802; x_wconf 79' lang='lat' dir='ltr'>oppidum3</span> <span class='ocrx_word' id='word_1_42' title='bbox 564 746 610 783; x_wconf 89' lang='lat' dir='ltr'>et</span> <span class='ocrx_word' id='word_1_43' title='bbox 642 736 879 782; x_wconf 87' lang='lat' dir='ltr'>orationes</span> <span class='ocrx_word' id='word_1_44' title='bbox 915 744 962 781; x_wconf 89' lang='lat' dir='ltr'>et</span> <span class='ocrx_word' id='word_1_45' title='bbox 995 734 1214 798; x_wconf 84' lang='lat' dir='ltr'>suffragia</span> <span class='ocrx_word' id='word_1_46' title='bbox 1246 751 1333 799; x_wconf 90' lang='lat' dir='ltr'>pro</span> <span class='ocrx_word' id='word_1_47' title='bbox 1367 735 1466 797; x_wconf 84' lang='lat' dir='ltr'>ejus</span> <span class='ocrx_word' id='word_1_48' title='bbox 1500 737 1658 782; x_wconf 85' lang='lat' dir='ltr'>anima</span> 
     </span>
     <span class='ocr_line' id='line_1_8' title="bbox 250 812 1659 878; baseline -0.002 -16"><span class='ocrx_word' id='word_1_49' title='bbox 250 816 432 874; x_wconf 81' lang='lat' dir='ltr'>fierent,</span> <span class='ocrx_word' id='word_1_50' title='bbox 458 815 569 878; x_wconf 75' lang='lat' dir='ltr'>qui²</span> <span class='ocrx_word' id='word_1_51' title='bbox 596 815 644 860; x_wconf 89' lang='lat' dir='ltr'>in</span> <span class='ocrx_word' id='word_1_52' title='bbox 673 813 887 878; x_wconf 86' lang='lat' dir='ltr'>patibulo</span> <span class='ocrx_word' id='word_1_53' title='bbox 914 813 1178 873; x_wconf 77' lang='lat' dir='ltr'>parisiensi,</span> <span class='ocrx_word' id='word_1_54' title='bbox 1210 812 1337 858; x_wconf 87' lang='lat' dir='ltr'>dicto</span> <span class='ocrx_word' id='word_1_55' title='bbox 1363 813 1659 860; x_wconf 81' lang='lat' dir='ltr'>Mons-salco-</span> 
     </span>
     <span class='ocr_line' id='line_1_9' title="bbox 248 889 1660 957; baseline -0.004 -16"><span class='ocrx_word' id='word_1_56' title='bbox 248 895 360 952; x_wconf 80' lang='lat' dir='ltr'>nis³,</span> <span class='ocrx_word' id='word_1_57' title='bbox 387 909 640 957; x_wconf 90' lang='lat' dir='ltr'>suspensus</span> <span class='ocrx_word' id='word_1_58' title='bbox 662 892 798 937; x_wconf 86' lang='lat' dir='ltr'>foret.</span> <span class='ocrx_word' id='word_1_59' title='bbox 827 889 970 947; x_wconf 85' lang='lat' dir='ltr'>Quod</span> <span class='ocrx_word' id='word_1_60' title='bbox 993 905 1137 952; x_wconf 87' lang='lat' dir='ltr'>quam</span> <span class='ocrx_word' id='word_1_61' title='bbox 1156 906 1321 935; x_wconf 86' lang='lat' dir='ltr'>verum</span> <span class='ocrx_word' id='word_1_62' title='bbox 1339 899 1476 947; x_wconf 85' lang='lat' dir='ltr'>esset,</span> <span class='ocrx_word' id='word_1_63' title='bbox 1496 906 1660 953; x_wconf 86' lang='lat' dir='ltr'>quam-</span> 
     </span>
     <span class='ocr_line' id='line_1_10' title="bbox 248 967 1657 1034; baseline -0.003 -17"><span class='ocrx_word' id='word_1_64' title='bbox 248 986 341 1034; x_wconf 89' lang='lat' dir='ltr'>que</span> <span class='ocrx_word' id='word_1_65' title='bbox 369 970 419 1016; x_wconf 91' lang='lat' dir='ltr'>id</span> <span class='ocrx_word' id='word_1_66' title='bbox 451 969 511 1016; x_wconf 88' lang='lat' dir='ltr'>ab</span> <span class='ocrx_word' id='word_1_67' title='bbox 543 969 655 1033; x_wconf 84' lang='lat' dir='ltr'>ipsis</span> <span class='ocrx_word' id='word_1_68' title='bbox 692 967 963 1013; x_wconf 78' lang='lat' dir='ltr'>stultissime</span> <span class='ocrx_word' id='word_1_69' title='bbox 996 976 1136 1028; x_wconf 85' lang='lat' dir='ltr'>atque</span> <span class='ocrx_word' id='word_1_70' title='bbox 1175 967 1469 1013; x_wconf 80' lang='lat' dir='ltr'>insanissime</span> <span class='ocrx_word' id='word_1_71' title='bbox 1501 977 1657 1014; x_wconf 85' lang='lat' dir='ltr'>actum</span> 
     </span>
     <span class='ocr_line' id='line_1_11' title="bbox 248 1042 1659 1108; baseline -0.003 -15"><span class='ocrx_word' id='word_1_72' title='bbox 248 1046 499 1105; x_wconf 81' lang='lat' dir='ltr'>exstiterit,</span> <span class='ocrx_word' id='word_1_73' title='bbox 537 1045 652 1108; x_wconf 83' lang='lat' dir='ltr'>ipsi,</span> <span class='ocrx_word' id='word_1_74' title='bbox 686 1042 904 1089; x_wconf 90' lang='lat' dir='ltr'>nondum</span> <span class='ocrx_word' id='word_1_75' title='bbox 929 1058 1124 1088; x_wconf 90' lang='lat' dir='ltr'>emenso</span> <span class='ocrx_word' id='word_1_76' title='bbox 1151 1042 1322 1088; x_wconf 80' lang='lat' dir='ltr'>exinde</span> <span class='ocrx_word' id='word_1_77' title='bbox 1349 1043 1462 1088; x_wconf 89' lang='lat' dir='ltr'>anni</span> <span class='ocrx_word' id='word_1_78' title='bbox 1490 1042 1659 1106; x_wconf 84' lang='lat' dir='ltr'>integri</span> 
     </span>
     <span class='ocr_line' id='line_1_12' title="bbox 248 1118 1659 1182; baseline -0.004 -13"><span class='ocrx_word' id='word_1_79' title='bbox 248 1122 485 1170; x_wconf 89' lang='lat' dir='ltr'>curriculo</span> <span class='ocrx_word' id='word_1_80' title='bbox 505 1159 516 1182; x_wconf 93' lang='lat'>,</span> <span class='ocrx_word' id='word_1_81' title='bbox 550 1137 635 1167; x_wconf 89' lang='lat' dir='ltr'>suo</span> <span class='ocrx_word' id='word_1_82' title='bbox 659 1129 800 1182; x_wconf 85' lang='lat' dir='ltr'>atque</span> <span class='ocrx_word' id='word_1_83' title='bbox 824 1120 897 1165; x_wconf 89' lang='lat' dir='ltr'>sui</span> <span class='ocrx_word' id='word_1_84' title='bbox 915 1118 1239 1182; x_wconf 87' lang='lat' dir='ltr'>superbissimi</span> <span class='ocrx_word' id='word_1_85' title='bbox 1264 1118 1431 1182; x_wconf 89' lang='lat' dir='ltr'>oppidi</span> <span class='ocrx_word' id='word_1_86' title='bbox 1454 1119 1593 1165; x_wconf 83' lang='lat' dir='ltr'>exitio</span> <span class='ocrx_word' id='word_1_87' title='bbox 1614 1128 1659 1165; x_wconf 90' lang='lat' dir='ltr'>et</span> 
     </span>
     <span class='ocr_line' id='line_1_13' title="bbox 247 1196 1661 1262; baseline -0.001 -16"><span class='ocrx_word' id='word_1_88' title='bbox 247 1199 472 1246; x_wconf 90' lang='lat' dir='ltr'>incendio</span> <span class='ocrx_word' id='word_1_89' title='bbox 501 1196 902 1262; x_wconf 83' lang='lat' dir='ltr'>comprobarunt,</span> <span class='ocrx_word' id='word_1_90' title='bbox 925 1205 977 1242; x_wconf 84' lang='lat' dir='ltr'>ut</span> <span class='ocrx_word' id='word_1_91' title='bbox 995 1204 1161 1259; x_wconf 89' lang='lat' dir='ltr'>postea</span> <span class='ocrx_word' id='word_1_92' title='bbox 1180 1211 1266 1242; x_wconf 93' lang='lat' dir='ltr'>suo</span> <span class='ocrx_word' id='word_1_93' title='bbox 1290 1196 1397 1242; x_wconf 93' lang='lat' dir='ltr'>loco</span> <span class='ocrx_word' id='word_1_94' title='bbox 1423 1196 1563 1244; x_wconf 89' lang='lat' dir='ltr'>etiam</span> <span class='ocrx_word' id='word_1_95' title='bbox 1589 1213 1661 1244; x_wconf 88' lang='lat' dir='ltr'>re-</span> 
     </span>
    </p>
   </div>
   <div class='ocr_carea' id='block_1_3' title="bbox 250 1277 470 1324">
    <p class='ocr_par' dir='ltr' id='par_1_3' title="bbox 250 1277 470 1324">
     <span class='ocr_line' id='line_1_14' title="bbox 250 1277 470 1324; baseline -0.005 -2"><span class='ocrx_word' id='word_1_96' title='bbox 250 1277 470 1324; x_wconf 85' lang='lat' dir='ltr'>feremus.</span> 
     </span>
    </p>
   </div>
   <div class='ocr_carea' id='block_1_4' title="bbox 731 1480 1185 1527">
    <p class='ocr_par' dir='ltr' id='par_1_4' title="bbox 731 1480 1185 1527">
     <span class='ocr_line' id='line_1_15' title="bbox 731 1480 1185 1527; baseline -0.004 0"><span class='ocrx_word' id='word_1_97' title='bbox 731 1480 1073 1527; x_wconf 83' lang='lat' dir='ltr'><strong>CAPITULUM</strong></span> <span class='ocrx_word' id='word_1_98' title='bbox 1108 1481 1185 1525; x_wconf 92' lang='lat' dir='ltr'>IX.</span> 
     </span>
    </p>
   </div>
   <div class='ocr_carea' id='block_1_5' title="bbox 248 1613 1663 1774">
    <p class='ocr_par' dir='ltr' id='par_1_5' title="bbox 248 1613 1663 1774">
     <span class='ocr_line' id='line_1_16' title="bbox 248 1613 1663 1662; baseline -0.002 -7"><span class='ocrx_word' id='word_1_99' title='bbox 248 1622 300 1654; x_wconf 85' lang='lat' dir='ltr'>De</span> <span class='ocrx_word' id='word_1_100' title='bbox 319 1618 510 1654; x_wconf 84' lang='lat' dir='ltr'>resistentia</span> <span class='ocrx_word' id='word_1_101' title='bbox 527 1618 616 1652; x_wconf 84' lang='lat' dir='ltr'>facta</span> <span class='ocrx_word' id='word_1_102' title='bbox 629 1615 886 1650; x_wconf 87' lang='lat' dir='ltr'>Leodiensihus</span> <span class='ocrx_word' id='word_1_103' title='bbox 901 1627 966 1661; x_wconf 88' lang='lat' dir='ltr'>per</span> <span class='ocrx_word' id='word_1_104' title='bbox 979 1613 1107 1649; x_wconf 86' lang='lat' dir='ltr'>ducem</span> <span class='ocrx_word' id='word_1_105' title='bbox 1122 1613 1355 1660; x_wconf 81' lang='lat' dir='ltr'>Burgundiae3</span> <span class='ocrx_word' id='word_1_106' title='bbox 1371 1623 1403 1649; x_wconf 88' lang='lat' dir='ltr'>et</span> <span class='ocrx_word' id='word_1_107' title='bbox 1419 1615 1663 1662; x_wconf 85' lang='lat' dir='ltr'>pacificatione</span> 
     </span>
     <span class='ocr_line' id='line_1_17' title="bbox 294 1669 1662 1720; baseline 0 -13"><span class='ocrx_word' id='word_1_108' title='bbox 294 1674 385 1707; x_wconf 86' lang='lat' dir='ltr'>inter</span> <span class='ocrx_word' id='word_1_109' title='bbox 400 1684 516 1719; x_wconf 84' lang='lat' dir='ltr'>regem</span> <span class='ocrx_word' id='word_1_110' title='bbox 534 1681 567 1706; x_wconf 86' lang='lat' dir='ltr'>et</span> <span class='ocrx_word' id='word_1_111' title='bbox 582 1670 779 1718; x_wconf 77' lang='lat' dir='ltr'>principe53</span> <span class='ocrx_word' id='word_1_112' title='bbox 799 1679 831 1704; x_wconf 82' lang='lat' dir='ltr'>et</span> <span class='ocrx_word' id='word_1_113' title='bbox 848 1669 963 1703; x_wconf 86' lang='lat' dir='ltr'>reditu</span> <span class='ocrx_word' id='word_1_114' title='bbox 982 1670 1118 1704; x_wconf 85' lang='lat' dir='ltr'>comitis</span> <span class='ocrx_word' id='word_1_115' title='bbox 1136 1669 1179 1703; x_wconf 92' lang='lat' dir='ltr'>de</span> <span class='ocrx_word' id='word_1_116' title='bbox 1205 1670 1377 1704; x_wconf 74' lang='lat' dir='ltr'>Clzarolois</span> <span class='ocrx_word' id='word_1_117' title='bbox 1392 1670 1437 1704; x_wconf 87' lang='lat' dir='ltr'>ad</span> <span class='ocrx_word' id='word_1_118' title='bbox 1454 1679 1561 1706; x_wconf 86' lang='lat' dir='ltr'>terras</span> <span class='ocrx_word' id='word_1_119' title='bbox 1584 1669 1662 1720; x_wconf 84' lang='lat' dir='ltr'>[pa-</span> 
     </span>
     <span class='ocr_line' id='line_1_18' title="bbox 295 1723 1484 1774; baseline -0.003 -13"><span class='ocrx_word' id='word_1_120' title='bbox 295 1727 355 1761; x_wconf 89' lang='lat' dir='ltr'>tris</span> <span class='ocrx_word' id='word_1_121' title='bbox 372 1725 457 1774; x_wconf 84' lang='lat' dir='ltr'>sui];</span> <span class='ocrx_word' id='word_1_122' title='bbox 478 1734 511 1760; x_wconf 88' lang='lat' dir='ltr'>et</span> <span class='ocrx_word' id='word_1_123' title='bbox 526 1725 723 1760; x_wconf 85' lang='lat' dir='ltr'>defectione</span> <span class='ocrx_word' id='word_1_124' title='bbox 740 1723 840 1758; x_wconf 80' lang='lat' dir='ltr'>ducis</span> <span class='ocrx_word' id='word_1_125' title='bbox 855 1724 1028 1758; x_wconf 84' lang='lat' dir='ltr'>Borbonii</span> <span class='ocrx_word' id='word_1_126' title='bbox 1043 1737 1063 1758; x_wconf 87' lang='lat' dir='ltr'>a</span> <span class='ocrx_word' id='word_1_127' title='bbox 1081 1723 1211 1759; x_wconf 85' lang='lat' dir='ltr'>caeteris</span> <span class='ocrx_word' id='word_1_128' title='bbox 1225 1724 1446 1771; x_wconf 88' lang='lat' dir='ltr'>principibus</span> <span class='ocrx_word' id='word_1_129' title='bbox 1455 1724 1484 1761; x_wconf 81' lang='lat'>⁴.</span> 
     </span>
    </p>
   </div>
   <div class='ocr_carea' id='block_1_6' title="bbox 253 1843 1664 2064">
    <p class='ocr_par' dir='ltr' id='par_1_6' title="bbox 253 1843 1664 2064">
     <span class='ocr_line' id='line_1_19' title="bbox 315 1843 1662 1910; baseline -0.001 -18"><span class='ocrx_word' id='word_1_130' title='bbox 315 1847 458 1910; x_wconf 85' lang='lat' dir='ltr'>Igitur</span> <span class='ocrx_word' id='word_1_131' title='bbox 495 1862 605 1892; x_wconf 93' lang='lat' dir='ltr'>cum</span> <span class='ocrx_word' id='word_1_132' title='bbox 649 1844 761 1891; x_wconf 85' lang='lat' dir='ltr'>dicti</span> <span class='ocrx_word' id='word_1_133' title='bbox 804 1843 1095 1891; x_wconf 89' lang='lat' dir='ltr'>stolidissimi</span> <span class='ocrx_word' id='word_1_134' title='bbox 1130 1843 1379 1891; x_wconf 86' lang='lat' dir='ltr'>Eburones</span> <span class='ocrx_word' id='word_1_135' title='bbox 1418 1845 1514 1891; x_wconf 86' lang='lat' dir='ltr'>sive</span> <span class='ocrx_word' id='word_1_136' title='bbox 1549 1848 1662 1892; x_wconf 88' lang='lat' dir='ltr'>Leo-</span> 
     </span>
     <span class='ocr_line' id='line_1_20' title="bbox 253 1922 1664 1989; baseline -0.002 -17"><span class='ocrx_word' id='word_1_137' title='bbox 253 1926 454 1981; x_wconf 86' lang='lat' dir='ltr'>dienses,</span> <span class='ocrx_word' id='word_1_138' title='bbox 479 1934 621 1989; x_wconf 87' lang='lat' dir='ltr'>rupto</span> <span class='ocrx_word' id='word_1_139' title='bbox 646 1923 1044 1970; x_wconf 87' lang='lat' dir='ltr'>inconsultissime</span> <span class='ocrx_word' id='word_1_140' title='bbox 1068 1939 1162 1968; x_wconf 83' lang='lat' dir='ltr'>suae</span> <span class='ocrx_word' id='word_1_141' title='bbox 1185 1923 1313 1986; x_wconf 88' lang='lat' dir='ltr'>pacis</span> <span class='ocrx_word' id='word_1_142' title='bbox 1336 1932 1381 1970; x_wconf 90' lang='lat' dir='ltr'>et</span> <span class='ocrx_word' id='word_1_143' title='bbox 1405 1922 1664 1986; x_wconf 84' lang='lat' dir='ltr'>tranquilli-</span> 
     </span>
     <span class='ocr_line' id='line_1_21' title="bbox 253 1998 1658 2064; baseline -0.001 -17"><span class='ocrx_word' id='word_1_144' title='bbox 253 2002 357 2048; x_wconf 79' lang='lat' dir='ltr'>tatis</span> <span class='ocrx_word' id='word_1_145' title='bbox 383 2001 585 2058; x_wconf 80' lang='lat' dir='ltr'>foedere,</span> <span class='ocrx_word' id='word_1_146' title='bbox 623 2017 708 2064; x_wconf 89' lang='lat' dir='ltr'>per</span> <span class='ocrx_word' id='word_1_147' title='bbox 734 2016 893 2063; x_wconf 85' lang='lat' dir='ltr'>regem</span> <span class='ocrx_word' id='word_1_148' title='bbox 916 1998 1073 2045; x_wconf 89' lang='lat' dir='ltr'>adhuc</span> <span class='ocrx_word' id='word_1_149' title='bbox 1096 1999 1274 2045; x_wconf 88' lang='lat' dir='ltr'>incitati</span> <span class='ocrx_word' id='word_1_150' title='bbox 1306 2009 1351 2045; x_wconf 88' lang='lat' dir='ltr'>et</span> <span class='ocrx_word' id='word_1_151' title='bbox 1381 1999 1614 2046; x_wconf 84' lang='lat' dir='ltr'>sollicitati</span> <span class='ocrx_word' id='word_1_152' title='bbox 1629 2002 1658 2059; x_wconf 88' lang='lat'>¹⁵,</span> 
     </span>
    </p>
   </div>
   <div class='ocr_carea' id='block_1_7' title="bbox 252 2151 1665 2797">
    <p class='ocr_par' dir='ltr' id='par_1_7' title="bbox 252 2151 1663 2384">
     <span class='ocr_line' id='line_1_22' title="bbox 307 2151 1661 2205; baseline -0.002 -14"><span class='ocrx_word' id='word_1_153' title='bbox 307 2157 345 2192; x_wconf 80' lang='grc'>1.</span> <span class='ocrx_word' id='word_1_154' title='bbox 376 2157 459 2192; x_wconf 91' lang='lat' dir='ltr'>Non</span> <span class='ocrx_word' id='word_1_155' title='bbox 481 2168 547 2205; x_wconf 87' lang='lat' dir='ltr'>pas</span> <span class='ocrx_word' id='word_1_156' title='bbox 566 2154 659 2192; x_wconf 88' lang='lat' dir='ltr'>dans</span> <span class='ocrx_word' id='word_1_157' title='bbox 679 2153 891 2192; x_wconf 76' lang='lat' dir='ltr'>l&#39;interieur</span> <span class='ocrx_word' id='word_1_158' title='bbox 908 2152 954 2191; x_wconf 90' lang='lat' dir='ltr'>de</span> <span class='ocrx_word' id='word_1_159' title='bbox 972 2152 1010 2190; x_wconf 90' lang='lat' dir='ltr'>la</span> <span class='ocrx_word' id='word_1_160' title='bbox 1026 2152 1134 2200; x_wconf 85' lang='lat' dir='ltr'>ville,</span> <span class='ocrx_word' id='word_1_161' title='bbox 1154 2153 1259 2190; x_wconf 90' lang='lat' dir='ltr'>selon</span> <span class='ocrx_word' id='word_1_162' title='bbox 1278 2154 1439 2202; x_wconf 86' lang='lat' dir='ltr'>Jacques</span> <span class='ocrx_word' id='word_1_163' title='bbox 1456 2151 1661 2201; x_wconf 88' lang='lat' dir='ltr'>Duclercq,</span> 
     </span>
     <span class='ocr_line' id='line_1_23' title="bbox 254 2211 1663 2261; baseline -0.003 -9"><span class='ocrx_word' id='word_1_164' title='bbox 254 2214 347 2252; x_wconf 88' lang='lat' dir='ltr'>mais</span> <span class='ocrx_word' id='word_1_165' title='bbox 364 2227 412 2251; x_wconf 87' lang='lat' dir='ltr'>au</span> <span class='ocrx_word' id='word_1_166' title='bbox 432 2214 570 2251; x_wconf 86' lang='lat' dir='ltr'>dehors</span> <span class='ocrx_word' id='word_1_167' title='bbox 584 2246 592 2261; x_wconf 84' lang='lat'>,</span> <span class='ocrx_word' id='word_1_168' title='bbox 614 2215 661 2252; x_wconf 86' lang='lat' dir='ltr'>de</span> <span class='ocrx_word' id='word_1_169' title='bbox 684 2214 854 2252; x_wconf 73' lang='lat' dir='ltr'>manicre</span> <span class='ocrx_word' id='word_1_170' title='bbox 872 2215 893 2250; x_wconf 74' lang='lat' dir='ltr'>a</span> <span class='ocrx_word' id='word_1_171' title='bbox 914 2214 993 2250; x_wconf 61' lang='grc' dir='ltr'>ἐπε</span> <span class='ocrx_word' id='word_1_172' title='bbox 1012 2226 1084 2251; x_wconf 90' lang='lat' dir='ltr'>vus</span> <span class='ocrx_word' id='word_1_173' title='bbox 1105 2211 1152 2249; x_wconf 89' lang='lat' dir='ltr'>de</span> <span class='ocrx_word' id='word_1_174' title='bbox 1173 2225 1270 2249; x_wconf 86' lang='lat' dir='ltr'>ceux</span> <span class='ocrx_word' id='word_1_175' title='bbox 1294 2211 1341 2250; x_wconf 93' lang='lat' dir='ltr'>de</span> <span class='ocrx_word' id='word_1_176' title='bbox 1365 2211 1576 2259; x_wconf 79' lang='lat' dir='ltr'>Bouvines,</span> <span class='ocrx_word' id='word_1_177' title='bbox 1597 2211 1663 2261; x_wconf 88' lang='lat' dir='ltr'>qui</span> 
     </span>
     <span class='ocr_line' id='line_1_24' title="bbox 252 2270 1663 2323; baseline -0.003 -11"><span class='ocrx_word' id='word_1_178' title='bbox 252 2282 308 2312; x_wconf 89' lang='lat' dir='ltr'>est</span> <span class='ocrx_word' id='word_1_179' title='bbox 327 2285 402 2310; x_wconf 89' lang='lat' dir='ltr'>une</span> <span class='ocrx_word' id='word_1_180' title='bbox 422 2273 538 2323; x_wconf 81' lang='lat' dir='ltr'>petite</span> <span class='ocrx_word' id='word_1_181' title='bbox 559 2274 650 2311; x_wconf 84' lang='lat' dir='ltr'>ville</span> <span class='ocrx_word' id='word_1_182' title='bbox 671 2273 791 2311; x_wconf 77' lang='lat' dir='ltr'>situce</span> <span class='ocrx_word' id='word_1_183' title='bbox 810 2272 857 2310; x_wconf 92' lang='lat' dir='ltr'>de</span> <span class='ocrx_word' id='word_1_184' title='bbox 878 2271 1014 2310; x_wconf 83' lang='lat' dir='ltr'>l’autre</span> <span class='ocrx_word' id='word_1_185' title='bbox 1034 2271 1117 2310; x_wconf 73' lang='lat' dir='ltr'>cote&#39;</span> <span class='ocrx_word' id='word_1_186' title='bbox 1137 2271 1185 2309; x_wconf 86' lang='lat' dir='ltr'>de</span> <span class='ocrx_word' id='word_1_187' title='bbox 1206 2271 1242 2308; x_wconf 88' lang='lat' dir='ltr'>la</span> <span class='ocrx_word' id='word_1_188' title='bbox 1262 2274 1392 2309; x_wconf 89' lang='lat' dir='ltr'>Meuse</span> <span class='ocrx_word' id='word_1_189' title='bbox 1406 2300 1415 2318; x_wconf 98' lang='lat'>,</span> <span class='ocrx_word' id='word_1_190' title='bbox 1437 2279 1472 2308; x_wconf 88' lang='lat' dir='ltr'>et</span> <span class='ocrx_word' id='word_1_191' title='bbox 1491 2271 1592 2308; x_wconf 89' lang='lat' dir='ltr'>alors</span> <span class='ocrx_word' id='word_1_192' title='bbox 1611 2270 1663 2308; x_wconf 91' lang='lat' dir='ltr'>du</span> 
     </span>
     <span class='ocr_line' id='line_1_25' title="bbox 255 2331 930 2384; baseline -0.003 -14"><span class='ocrx_word' id='word_1_193' title='bbox 255 2332 433 2370; x_wconf 89' lang='lat' dir='ltr'>domaine</span> <span class='ocrx_word' id='word_1_194' title='bbox 453 2331 505 2368; x_wconf 87' lang='lat' dir='ltr'>du</span> <span class='ocrx_word' id='word_1_195' title='bbox 526 2331 599 2368; x_wconf 87' lang='lat' dir='ltr'>duc</span> <span class='ocrx_word' id='word_1_196' title='bbox 620 2332 666 2369; x_wconf 86' lang='lat' dir='ltr'>de</span> <span class='ocrx_word' id='word_1_197' title='bbox 685 2335 930 2384; x_wconf 80' lang='lat' dir='ltr'>Bourgogne.</span> 
     </span>
    </p>

    <p class='ocr_par' dir='ltr' id='par_1_8' title="bbox 307 2391 734 2439">
     <span class='ocr_line' id='line_1_26' title="bbox 307 2391 734 2439; baseline 0 -11"><span class='ocrx_word' id='word_1_198' title='bbox 307 2394 346 2429; x_wconf 74' lang='lat'>2.</span> <span class='ocrx_word' id='word_1_199' title='bbox 379 2391 581 2428; x_wconf 49' lang='lat' dir='ltr'>Peut-(sstrc</span> <span class='ocrx_word' id='word_1_200' title='bbox 612 2396 734 2439; x_wconf 74' lang='lat' dir='ltr'>quasi.</span> 
     </span>
    </p>

    <p class='ocr_par' dir='ltr' id='par_1_9' title="bbox 309 2449 641 2488">
     <span class='ocr_line' id='line_1_27' title="bbox 309 2449 641 2488; baseline -0.012 0"><span class='ocrx_word' id='word_1_201' title='bbox 309 2452 347 2488; x_wconf 89' lang='lat'>3.</span> <span class='ocrx_word' id='word_1_202' title='bbox 380 2449 641 2486; x_wconf 83' lang='lat' dir='ltr'>Montfaucon.</span> 
     </span>
    </p>

    <p class='ocr_par' dir='ltr' id='par_1_10' title="bbox 309 2507 1661 2559">
     <span class='ocr_line' id='line_1_28' title="bbox 309 2507 1661 2559; baseline 0.001 -14"><span class='ocrx_word' id='word_1_203' title='bbox 309 2512 347 2547; x_wconf 70' lang='grc'>4.</span> <span class='ocrx_word' id='word_1_204' title='bbox 378 2509 554 2559; x_wconf 84' lang='lat' dir='ltr'>Chapitre</span> <span class='ocrx_word' id='word_1_205' title='bbox 575 2507 705 2558; x_wconf 74' lang='lat' dir='ltr'>public</span> <span class='ocrx_word' id='word_1_206' title='bbox 725 2507 818 2545; x_wconf 85' lang='lat' dir='ltr'>dans</span> <span class='ocrx_word' id='word_1_207' title='bbox 836 2508 1109 2557; x_wconf 78' lang='lat' dir='ltr'>l&#39;Amplissima</span> <span class='ocrx_word' id='word_1_208' title='bbox 1129 2510 1311 2555; x_wconf 79' lang='lat' dir='ltr'>collectio,</span> <span class='ocrx_word' id='word_1_209' title='bbox 1333 2515 1359 2546; x_wconf 92' lang='lat' dir='ltr'>t.</span> <span class='ocrx_word' id='word_1_210' title='bbox 1382 2510 1447 2557; x_wconf 88' lang='lat' dir='ltr'>IV,</span> <span class='ocrx_word' id='word_1_211' title='bbox 1472 2507 1546 2546; x_wconf 87' lang='lat' dir='ltr'>col.</span> <span class='ocrx_word' id='word_1_212' title='bbox 1571 2510 1661 2546; x_wconf 74' lang='lat'><strong>746.</strong></span> 
     </span>
    </p>

    <p class='ocr_par' dir='ltr' id='par_1_11' title="bbox 256 2566 1665 2797">
     <span class='ocr_line' id='line_1_29' title="bbox 311 2566 1665 2618; baseline -0.001 -13"><span class='ocrx_word' id='word_1_213' title='bbox 311 2571 349 2608; x_wconf 80' lang='lat'>5.</span> <span class='ocrx_word' id='word_1_214' title='bbox 377 2569 512 2604; x_wconf 71' lang='lat' dir='ltr'>Adhuc</span> <span class='ocrx_word' id='word_1_215' title='bbox 533 2575 588 2604; x_wconf 84' lang='lat' dir='ltr'>est</span> <span class='ocrx_word' id='word_1_216' title='bbox 606 2566 653 2603; x_wconf 87' lang='grc'>(16</span> <span class='ocrx_word' id='word_1_217' title='bbox 675 2574 759 2617; x_wconf 82' lang='lat' dir='ltr'>trop</span> <span class='ocrx_word' id='word_1_218' title='bbox 780 2566 873 2602; x_wconf 87' lang='lat' dir='ltr'>dans</span> <span class='ocrx_word' id='word_1_219' title='bbox 892 2567 928 2603; x_wconf 84' lang='lat' dir='ltr'>la</span> <span class='ocrx_word' id='word_1_220' title='bbox 948 2568 1109 2617; x_wconf 76' lang='lat' dir='ltr'>phrase,</span> <span class='ocrx_word' id='word_1_221' title='bbox 1138 2568 1163 2604; x_wconf 91' lang='lat' dir='ltr'>il</span> <span class='ocrx_word' id='word_1_222' title='bbox 1190 2567 1356 2605; x_wconf 82' lang='lat' dir='ltr'>faudrait</span> <span class='ocrx_word' id='word_1_223' title='bbox 1375 2567 1498 2618; x_wconf 74' lang='lat' dir='ltr'>plutot</span> <span class='ocrx_word' id='word_1_224' title='bbox 1523 2577 1561 2604; x_wconf 77' lang='grc' dir='ltr'>ιιι</span> <span class='ocrx_word' id='word_1_225' title='bbox 1580 2570 1665 2603; x_wconf 77' lang='lat' dir='ltr'>dle-</span> 
     </span>
     <span class='ocr_line' id='line_1_30' title="bbox 257 2625 1662 2677; baseline 0 -13"><span class='ocrx_word' id='word_1_226' title='bbox 257 2638 331 2665; x_wconf 82' lang='lat' dir='ltr'>tmn</span> <span class='ocrx_word' id='word_1_227' title='bbox 355 2638 422 2664; x_wconf 77' lang='lat' dir='ltr'>est.</span> <span class='ocrx_word' id='word_1_228' title='bbox 453 2627 481 2663; x_wconf 90' lang='lat' dir='ltr'>Il</span> <span class='ocrx_word' id='word_1_229' title='bbox 503 2639 550 2663; x_wconf 90' lang='lat' dir='ltr'>ne</span> <span class='ocrx_word' id='word_1_230' title='bbox 571 2626 679 2677; x_wconf 77' lang='lat' dir='ltr'>s&#39;agit</span> <span class='ocrx_word' id='word_1_231' title='bbox 697 2639 762 2676; x_wconf 87' lang='lat' dir='ltr'>pas</span> <span class='ocrx_word' id='word_1_232' title='bbox 785 2625 832 2662; x_wconf 77' lang='lat' dir='ltr'>(le</span> <span class='ocrx_word' id='word_1_233' title='bbox 851 2626 1049 2663; x_wconf 77' lang='lat' dir='ltr'>nouvelles</span> <span class='ocrx_word' id='word_1_234' title='bbox 1073 2627 1295 2664; x_wconf 77' lang='lat' dir='ltr'>demarches</span> <span class='ocrx_word' id='word_1_235' title='bbox 1322 2626 1428 2664; x_wconf 86' lang='lat' dir='ltr'>saites</span> <span class='ocrx_word' id='word_1_236' title='bbox 1448 2640 1516 2677; x_wconf 85' lang='lat' dir='ltr'>par</span> <span class='ocrx_word' id='word_1_237' title='bbox 1536 2627 1572 2663; x_wconf 90' lang='lat' dir='ltr'>le</span> <span class='ocrx_word' id='word_1_238' title='bbox 1591 2625 1662 2664; x_wconf 88' lang='lat' dir='ltr'>roi.</span> 
     </span>
     <span class='ocr_line' id='line_1_31' title="bbox 256 2685 1665 2738; baseline -0.002 -14"><span class='ocrx_word' id='word_1_239' title='bbox 256 2691 327 2725; x_wconf 89' lang='lat' dir='ltr'>Les</span> <span class='ocrx_word' id='word_1_240' title='bbox 356 2686 530 2738; x_wconf 67' lang='lat' dir='ltr'>Liegeois</span> <span class='ocrx_word' id='word_1_241' title='bbox 556 2685 758 2737; x_wconf 75' lang='lat' dir='ltr'>agissaient</span> <span class='ocrx_word' id='word_1_242' title='bbox 782 2698 829 2722; x_wconf 89' lang='lat' dir='ltr'>en</span> <span class='ocrx_word' id='word_1_243' title='bbox 851 2693 959 2722; x_wconf 81' lang='lat' dir='ltr'>vertu</span> <span class='ocrx_word' id='word_1_244' title='bbox 979 2685 1030 2722; x_wconf 89' lang='lat' dir='ltr'>du</span> <span class='ocrx_word' id='word_1_245' title='bbox 1052 2685 1159 2723; x_wconf 83' lang='lat' dir='ltr'>traitc&#39;·</span> <span class='ocrx_word' id='word_1_246' title='bbox 1178 2686 1290 2735; x_wconf 88' lang='lat' dir='ltr'>qu&#39;ils</span> <span class='ocrx_word' id='word_1_247' title='bbox 1314 2686 1465 2723; x_wconf 78' lang='lat' dir='ltr'>avaient</span> <span class='ocrx_word' id='word_1_248' title='bbox 1485 2685 1551 2722; x_wconf 84' lang='lat' dir='ltr'>fait</span> <span class='ocrx_word' id='word_1_249' title='bbox 1573 2697 1665 2722; x_wconf 86' lang='lat' dir='ltr'>avec</span> 
     </span>
     <span class='ocr_line' id='line_1_32' title="bbox 258 2743 1664 2797; baseline -0.001 -14"><span class='ocrx_word' id='word_1_250' title='bbox 258 2747 309 2783; x_wconf 85' lang='lat' dir='ltr'>lui</span> <span class='ocrx_word' id='word_1_251' title='bbox 332 2746 499 2797; x_wconf 83' lang='lat' dir='ltr'>pendant</span> <span class='ocrx_word' id='word_1_252' title='bbox 517 2745 553 2782; x_wconf 85' lang='lat' dir='ltr'>la</span> <span class='ocrx_word' id='word_1_253' title='bbox 578 2758 714 2795; x_wconf 75' lang='lat' dir='ltr'>guerre</span> <span class='ocrx_word' id='word_1_254' title='bbox 734 2745 784 2781; x_wconf 78' lang='lat' dir='ltr'>(lu</span> <span class='ocrx_word' id='word_1_255' title='bbox 804 2744 894 2782; x_wconf 85' lang='lat' dir='ltr'>Bien</span> <span class='ocrx_word' id='word_1_256' title='bbox 914 2743 1042 2794; x_wconf 87' lang='lat' dir='ltr'>public</span> <span class='ocrx_word' id='word_1_257' title='bbox 1057 2774 1065 2789; x_wconf 93' lang='lat'>,</span> <span class='ocrx_word' id='word_1_258' title='bbox 1093 2753 1129 2781; x_wconf 91' lang='lat' dir='ltr'>et</span> <span class='ocrx_word' id='word_1_259' title='bbox 1150 2745 1240 2782; x_wconf 90' lang='lat' dir='ltr'>dont</span> <span class='ocrx_word' id='word_1_260' title='bbox 1259 2745 1283 2782; x_wconf 92' lang='lat' dir='ltr'>il</span> <span class='ocrx_word' id='word_1_261' title='bbox 1308 2758 1328 2782; x_wconf 90' lang='lat' dir='ltr'>a</span> <span class='ocrx_word' id='word_1_262' title='bbox 1348 2746 1405 2781; x_wconf 73' lang='lat' dir='ltr'>cte</span> <span class='ocrx_word' id='word_1_263' title='bbox 1425 2745 1529 2795; x_wconf 64' lang='lat' dir='ltr'>par-le</span> <span class='ocrx_word' id='word_1_264' title='bbox 1550 2744 1664 2781; x_wconf 86' lang='lat' dir='ltr'>d’une</span> 
     </span>
    </p>
   </div>
  </div>
 </body>
</html>
