1923 3020
722 278 865 313 LIBER
893 278 1086 314 PRIMUS.
1555 281 1602 315 89

207 366 287 412 ubi
309 374 463 411 autem
484 364 623 411 totius
645 363 752 411 faeti
770 381 959 411 scenam
985 374 1031 411 et
1049 364 1147 410 doli
1171 373 1310 428 atque
1330 363 1625 412 insidiarum·

207 441 584 487 machinamenta
613 440 896 501 denudaret,
923 458 1052 505 spem
1085 441 1429 504 consequendae
1460 442 1605 488 veniae

206 517 380 564 habere
408 533 572 580 posse,
602 533 793 563 omnem
823 534 944 577 rem,
977 526 1119 581 prout
1146 516 1232 562 sibi
1262 517 1484 563 mandata
1509 528 1606 564 erat

208 603 252 639 et
270 592 485 639 eamdem
502 593 838 655 perficiendam
856 602 1140 657 susceperat,
1156 594 1339 657 aperuit
1355 604 1400 639 et
1413 593 1602 639 detexit.

272 670 395 714 Dixit
424 670 574 725 enim,
609 671 673 714 uti
700 670 839 733 vulgo
866 670 1116 727 ferebatur,
1149 687 1197 716 se
1226 686 1253 716 a
1283 687 1387 733 rege
1413 672 1606 717 missum

208 761 306 791 esse
336 745 399 790 ol)
433 745 575 807 idque
599 745 677 790 illo
708 746 912 803 venisse,
946 755 995 790 ut
1024 745 1273 791 dominum
1297 746 1517 792 comitem
1547 747 1606 794 de

211 822 473 881 Clzarolozls',
507 821 599 867 illic
624 822 721 883 jam
744 839 827 885 per
852 822 1048 884 longum
1076 831 1261 885 tempus
1291 833 1602 885 remoratum,

208 899 288 960 qui
324 899 560 944 interdum
599 916 652 944 ex
691 898 1063 955 consuetudine,
1104 899 1392 945 remissionis
1432 901 1601 962 gratia,

208 977 331 1021 exire
361 976 421 1021 ad
450 992 643 1039 campos
672 986 715 1021 et
744 976 950 1021 fluminis
981 976 1104 1038 ripas
1127 975 1505 1039 perambulando
1533 977 1606 1022 lu-

208 1061 352 1097 strare
373 1063 643 1097 consuesset
662 1070 771 1097 cum
791 1052 921 1097 nullo
944 1061 1024 1097 aut
1047 1067 1151 1096 raro
1177 1051 1454 1114 plerumque
1477 1054 1608 1098 satel-

207 1129 303 1186 lite,
330 1129 366 1173 si
389 1138 561 1192 posset,
584 1128 996 1192 apprehenderet¹,
1020 1137 1065 1173 et
1081 1127 1140 1172 ad
1162 1143 1329 1173 navem
1346 1128 1606 1174 immissum

210 1204 331 1250 illico
356 1215 619 1268 exportaret
648 1215 692 1250 et
717 1205 777 1250 ad
809 1221 963 1265 regem
995 1221 1131 1249 suum
1162 1204 1368 1250 duceret.
1403 1205 1545 1260 Quod
1570 1207 1607 1251 si

210 1281 368 1325 vivum
402 1290 646 1343 exportare
680 1297 775 1325 non
812 1280 1006 1338 valeret,
1044 1289 1287 1342 amputato
1313 1280 1485 1343 capite,
1524 1297 1607 1326 ca-

212 1367 294 1420 put
328 1358 471 1421 ipsius
505 1357 668 1402 saltem
707 1374 866 1402 secum
897 1356 1165 1401 adveheret.
1201 1359 1308 1402 Haee
1341 1357 1607 1404 confessum

210 1441 370 1478 coram
407 1433 564 1478 multis
600 1433 691 1478 fide
724 1432 875 1494 dignis
916 1432 1109 1477 testibus
1149 1443 1193 1478 et
1226 1434 1335 1478 viris
1370 1434 1608 1481 nobilibus

210 1510 482 1572 praedictum
512 1510 757 1555 dominum
785 1509 1056 1554 Bastardum
1086 1508 1144 1554 (le
1178 1509 1454 1572 Rubempre‘,
1481 1512 1610 1559 nulla

210 1587 252 1630 vi
278 1586 364 1631 sibi
396 1585 606 1632 adhibita
635 1595 1001 1643 tormentorum,
1033 1602 1197 1631 omnes
1221 1586 1279 1632 de
1302 1587 1447 1634 domo
1472 1598 1517 1635 et
1542 1590 1608 1635 fa-

210 1664 335 1709 milia
354 1663 527 1727 praefati
547 1663 729 1708 comitis
746 1663 805 1708 de
827 1663 1069 1708 Clzarolois
1087 1665 1464 1711 constantissime
1486 1666 1610 1712 affir-

210 1740 419 1785 mabant.

277 1816 384 1877 Ejus
407 1833 520 1862 vero
544 1816 702 1862 audita
719 1816 1031 1873 confessione,
1058 1816 1194 1862 sociis
1214 1816 1342 1863 abire
1366 1818 1567 1864 dimissis
1577 1821 1605 1877 ²,

210 1909 329 1954 quos
358 1893 461 1939 facti
490 1893 859 1955 insidiarumque
894 1893 1081 1956 ignaros
1113 1894 1420 1939 verisimiliter
1448 1894 1611 1940 existi-

211 1969 376 2027 mavit,
413 1970 565 2033 ipsum
598 1969 894 2026 Bastardum,
927 1986 1034 2015 cum
1066 1986 1162 2015 uno
1191 1969 1262 2014 vel
1295 1969 1484 2015 duobus
1513 1970 1610 2016 doli

210 2046 426 2102 consciis,
448 2046 657 2091 vinctum
675 2045 823 2091 tenuit
840 2055 884 2091 et
903 2046 1102 2091 servavit
1119 2046 1217 2102 diu,
1242 2049 1340 2091 Deo
1361 2048 1611 2094 immensas

211 2140 351 2185 agens
387 2124 576 2185 gratias,
616 2133 817 2184 votaque
850 2123 1043 2186 supplex
1079 2132 1123 2167 et
1157 2139 1351 2168 munera
1384 2123 1606 2181 offerens,

211 2203 341 2265 quod
378 2204 518 2248 tantis
559 2220 606 2248 se
650 2212 862 2265 ereptum
900 2201 1142 2264 periculiS,
1184 2219 1266 2247 sua
1306 2203 1607 2264 dignatione,

213 2279 501 2325 ineolumem
530 2289 753 2325 servasset
776 2288 819 2323 et
844 2278 1059 2324 liberum.

276 2356 399 2400 Facti
430 2357 585 2417 itaque
616 2357 757 2400 totius
787 2355 943 2416 agnita
973 2355 1190 2413 veritate,
1224 2356 1347 2401 illico
1378 2373 1462 2419 per
1489 2356 1611 2403 fidos

214 2432 405 2476 nuntios
442 2449 550 2477 cum
589 2433 717 2476 omni
755 2432 989 2477 celeritate
1024 2448 1123 2477 rem
1158 2433 1278 2496 patri
1312 2432 1507 2478 indicari
1531 2452 1612 2479 cu-

213 2508 349 2563 ravit,
379 2509 457 2569 qui
478 2507 632 2553 adhue
656 2508 702 2552 in
725 2508 902 2572 oppido
924 2525 1008 2553 suo
1030 2509 1088 2555 de
1114 2509 1347 2555 Hesclinch
1369 2511 1607 2569 exsistens,

269 2683 280 2715 1
297 2709 303 2715 .
339 2680 625 2728 Appreleendere
645 2678 737 2716 dans
756 2681 789 2716 le
810 2692 880 2716 ms.

269 2740 305 2775 2.
338 2738 513 2789 Corrigez
528 2740 732 2786 permissis.
