1923 3020
708 264 851 300 LIBER
892 264 1158 301 SECUNDUS.
1564 269 1638 303 195

298 356 416 398 (lum
446 361 602 398 autem
630 352 758 416 apud
782 352 1004 398 eumdem
1029 353 1232 416 legatum
1258 353 1633 414 succubuissent,

234 438 279 474 et
304 429 583 475 sententiam
612 429 858 476 adversam
886 433 1240 493 reportassent¹,
1274 446 1378 476 eam
1404 430 1464 477 ad
1489 432 1640 493 majus

235 506 440 551 tribunal
472 506 739 569 (sperantes
771 505 944 552 debere
979 507 1026 552 in
1058 506 1224 553 melius
1249 507 1544 571 reformari),
1571 525 1641 555 se·

235 584 342 630 dem
378 584 526 646 ipsam
557 583 866 647 apostolicam
896 594 1217 647 provocarunt
1246 595 1292 631 et
1325 585 1639 649 appellarunt.

237 659 305 705 Ad
342 659 474 721 cujus
514 660 718 707 tribunal
764 662 1000 718 sistentes,
1032 662 1268 707 renovatis
1299 670 1439 723 atque
1470 663 1643 709 iteratis

230 735 533 798 judicialibus
551 737 849 783 cautionibus
870 747 1010 800 atque
1025 737 1420 785 submissionibus
1435 740 1643 803 primum

235 813 364 877 apud
385 816 620 860 Treverim
646 816 873 879 praestitis,
902 831 1035 861 suam
1058 815 1427 879 appellationem
1453 817 1534 864 diu
1560 835 1646 883 per

235 890 481 953 syndicos,
524 891 808 939 sufficienter
845 901 890 938 et
928 891 1081 937 valide
1119 891 1366 953 fundatos,
1409 896 1645 957 prosecuti

236 978 362 1014 sunt.
401 972 450 1014 ln
491 985 585 1032 qua
613 968 945 1033 prosequenda
979 985 1090 1014 cum
1119 969 1329 1031 plenarie
1357 970 1506 1017 auditi
1536 971 1647 1017 fuis-

237 1055 362 1102 sent,
390 1056 435 1092 et
459 1046 722 1105 dilatorias,
751 1056 846 1092 tam
872 1044 1169 1109 probatorias
1195 1062 1338 1109 quam
1364 1047 1500 1109 alias,
1531 1064 1649 1112 quas

231 1122 350 1184 juris
379 1123 500 1169 ordo
525 1124 814 1188 expostulat,
845 1122 1035 1169 abunde
1065 1133 1111 1168 et
1142 1122 1430 1170 sufficienter
1456 1125 1649 1172 habuis-

237 1207 366 1255 sent,
406 1198 601 1244 tandem
632 1214 773 1244 causa
805 1197 866 1243 ad
897 1197 1130 1243 calculum
1159 1198 1362 1245 ferendae
1391 1198 1650 1246 diffinitivae

236 1275 465 1337 perducta
481 1312 491 1332 ,
520 1276 679 1321 denuo
706 1276 846 1321 etiam
869 1275 1335 1334 condemnatoriam,
1365 1285 1410 1322 et
1433 1276 1651 1323 decreto-

240 1368 343 1397 rum
368 1353 497 1416 prius
519 1369 601 1417 per
620 1353 824 1415 legatum
848 1351 976 1416 apud
996 1353 1231 1399 Treverim
1258 1352 1508 1417 [latorum]
1537 1371 1651 1400 con-

240 1428 546 1476 firmatoriam
572 1431 852 1476 sententiam
876 1440 1180 1494 reportarunt
1204 1449 1212 1475 :
1236 1431 1330 1477 hoc
1355 1431 1443 1478 sibi
1467 1449 1651 1496 suoque

239 1507 451 1570 pontifici
477 1507 663 1554 honore
692 1507 924 1566 exhibito,
958 1508 1111 1571 quod,
1144 1525 1242 1553 non
1271 1526 1356 1573 per
1385 1509 1648 1573 delegatos,

240 1583 320 1628 sed
346 1600 428 1647 per
455 1585 757 1648 semetipsum
780 1602 992 1630 summus
1016 1585 1226 1648 pontifex
1252 1587 1447 1632 Paulus‘2
1468 1596 1652 1634 senten-

240 1659 351 1705 tiam
377 1661 694 1724 promulgavit
716 1678 856 1725 atque
880 1678 935 1708 ex
957 1663 1130 1726 scripto
1155 1664 1402 1709 recitavit³.

304 1739 424 1783 Cum
457 1756 569 1785 vero
606 1738 936 1803 postmodum,
973 1748 1023 1784 ut
1055 1740 1121 1785 rei
1154 1750 1375 1803 parerent
1405 1739 1648 1803 judicatae,

234 1816 436 1880 juridice
470 1834 637 1880 saepius
660 1817 936 1880 vicibusque
968 1816 1242 1863 multotiens
1278 1818 1488 1881 repetitis
1526 1834 1653 1864 com-

240 1894 407 1939 moniti
432 1894 733 1952 exstitissent,
762 1902 856 1939 tam
881 1903 1151 1957 protervos,
1181 1904 1487 1940 contumaces
1512 1905 1653 1957 atque

241 1970 472 2035 superbos
511 1972 657 2035 ipsius
698 1987 928 2034 supremae
972 1981 1016 2017 et
1066 1972 1335 2035 apostolica}
1376 1971 1501 2018 sedis
1553 1988 1653 2018 sese

240 2048 495 2094 exhibuere
520 2058 886 2111 contemptores,
914 2058 965 2094 ut
987 2048 1161 2094 nullius
1181 2065 1390 2095 censurae
1411 2047 1651 2095 ecclesias-

241 2125 340 2171 ticae
370 2134 521 2182 metu,
548 2124 720 2169 nullius
749 2140 920 2187 poenae,
948 2123 1122 2170 nullius
1146 2124 1532 2170 comminationis
1556 2125 1649 2170 for-

242 2202 436 2261 midine,
461 2217 670 2264 unquam
691 2217 853 2264 parere
872 2200 1128 2259 voluerint3
1154 2200 1306 2247 donec
1326 2201 1387 2247 ad
1408 2201 1646 2262 ultimum,

241 2279 462 2325 omnibus
482 2279 747 2324 christianis
768 2278 1058 2342 principibus
1078 2288 1121 2324 et
1139 2279 1410 2343 potentibus
1430 2281 1646 2343 expositi,

240 2358 347 2419 igne
364 2357 556 2403 tandem
573 2366 715 2419 atque
734 2355 856 2401 ferro
876 2356 1103 2419 populati,
1129 2356 1190 2402 ad
1207 2356 1297 2402 tale
1315 2358 1647 2404 exterminium

241 2452 288 2481 se
311 2445 356 2480 et
380 2435 577 2497 patriam
604 2451 736 2480 suani
760 2433 1098 2498 perduxerunt.

306 2514 409 2557 Non
439 2512 590 2557 refero
618 2511 1149 2569 excommunicationes,
1177 2512 1550 2575 aggravationes,
1578 2528 1650 2558 re-

296 2642 332 2676 1.
365 2640 413 2674 10
438 2637 652 2688 septembre
673 2639 787 2675 1464.

295 2701 331 2734 2.
364 2700 416 2734 Le
438 2710 533 2748 pape
554 2696 646 2733 Paul
668 2699 718 2734 ΙΙ.

296 2759 330 2794 3.
363 2760 415 2793 Le
439 2758 487 2793 ⁶23
512 2755 714 2792 decembre
732 2757 848 2793 1465.
