1923 3020
294 276 368 310 164
653 273 986 308 HISTORIARUM
1015 273 1246 309 LUDOVICI
1273 274 1327 309 XI

358 360 447 405 Sed
485 360 556 404 his
589 358 810 404 omnibus
845 358 1185 405 calamitatibus
1219 358 1522 421 adjiciebatur
1560 363 1686 422 quod

296 455 371 483 rex
390 473 401 494 ,
446 437 524 498 qui
569 436 861 499 provinciam
896 445 1042 481 totam
1078 435 1360 498 implacabili
1407 436 1532 481 velut
1577 437 1688 482 odio

292 513 465 557 habere
490 512 755 571 videbatur,
782 529 839 559 eo
862 512 992 575 quod
1016 512 1335 570 affectionem,
1365 529 1506 575 quam
1530 512 1590 558 ad
1621 529 1686 573 se,

291 590 350 634 ad
396 606 671 651 germanum
718 606 854 634 suum
894 589 1066 635 babere
1103 590 1337 653 potiorem
1375 589 1685 647 indicassent,

292 677 521 729 tanquam
550 666 624 712 leo
657 667 845 727 rugiens
869 683 951 711 seu
986 683 1121 712 ursus
1146 667 1353 712 esuriens
1372 703 1382 721 ,
1425 668 1611 713 tributis
1641 676 1686 712 et

289 742 594 803 vectigalibus
612 742 824 788 immensi
851 743 1072 806 ponderis
1094 744 1242 807 ipsam
1264 744 1555 806 provinciam
1579 760 1689 789 one·

290 820 438 866 rabat.
466 822 570 865 Non
595 821 718 865 enim
745 821 1043 865 miseratione
1064 830 1307 883 permotus
1331 820 1461 883 quod
1485 821 1562 877 ita,
1594 830 1688 865 tam

289 914 315 943 a
351 899 443 943 suis
475 898 698 943 militibus
732 914 873 959 quam
904 914 926 942 a
953 898 1245 955 Britonibus,
1274 899 1582 962 provinciales
1617 899 1688 943 di-

290 976 406 1038 repti
432 974 714 1038 spoliatique
738 974 950 1033 fuissent,
979 974 1302 1019 remissionem
1325 975 1529 1036 aliquam
1554 976 1690 1020 facie-

289 1053 367 1098 bat
391 1052 706 1109 tributorum3
745 1049 826 1095 sed
855 1067 908 1095 ea
940 1050 1088 1094 multo
1121 1051 1350 1113 ampliora
1373 1067 1470 1096 6556
1489 1052 1621 1113 jussit
1645 1061 1690 1096 et

292 1129 537 1192 imposuit,
576 1143 718 1189 quam
744 1136 851 1170 ante
878 1126 1190 1171 calamitatem
1214 1126 1542 1187 hujuscemodi
1567 1129 1688 1173 civi—

292 1207 406 1251 lium
431 1204 772 1249 discordiarum
798 1203 1106 1259 exstitissent3
1140 1218 1216 1247 eas
1249 1218 1455 1247 summas
1478 1204 1688 1249 resarciri

291 1281 472 1343 sibique
493 1279 740 1324 instaurari
757 1277 939 1335 volens,
962 1293 1077 1339 quas
1095 1293 1344 1338 germanus
1362 1294 1472 1323 suus
1492 1278 1683 1337 tulisset,

290 1357 404 1402 dum
439 1358 486 1400 in
523 1354 767 1418 provincia
805 1353 1068 1399 exsistebat.
1107 1356 1296 1398 Praeter¹
1326 1353 1418 1398 hoc
1454 1364 1611 1399 autem
1642 1365 1687 1400 et

292 1432 564 1487 nonnullos,
593 1441 687 1476 tam
713 1429 1009 1475 ecclesiastici
1031 1428 1208 1474 ordinis
1232 1445 1374 1490 quam
1397 1429 1529 1489 alios,
1564 1431 1686 1476 cives

291 1510 512 1572 optimos,
540 1517 706 1553 contra
729 1506 1008 1552 abolitiones
1033 1522 1059 1551 a
1082 1522 1129 1551 se
1151 1507 1376 1569 praestitas
1395 1516 1441 1552 et
1467 1523 1687 1570 compac-

291 1596 404 1631 tatas
433 1601 543 1631 cum
571 1582 836 1629 civitatibus
869 1592 915 1628 et
938 1582 1123 1645 oppidis
1148 1583 1328 1645 patriae,
1359 1583 1430 1628 vel
1455 1584 1687 1646 proscrip-

290 1662 496 1708 tionibus
516 1660 784 1716 damnavst,
824 1659 895 1704 vel
923 1658 1160 1721 suppliciis
1183 1659 1335 1704 affecit
1364 1677 1372 1703 :
1417 1658 1558 1714 nihil,
1599 1660 1685 1705 nisi

290 1749 521 1801 quatenus
541 1737 723 1794 liberet,
748 1737 805 1781 de
834 1735 1159 1781 securitatibus
1176 1745 1221 1781 et
1243 1735 1581 1781 abolitionibus
1603 1737 1690 1782 fac-

292 1818 367 1876 tis,
389 1817 529 1862 etiam
548 1823 842 1860 sacramento
864 1812 1076 1870 firmatiS,
1103 1811 1359 1858 observans
1378 1813 1473 1858 sive
1496 1829 1682 1859 curans.

290 1975 494 2020 abolicion,
511 1973 601 2011 ledit
616 1974 663 2011 de
682 1977 851 2020 Lamote,
865 1985 963 2023 pour
978 1985 1020 2009 ce
1036 1985 1110 2021 que
1129 1985 1168 2008 sa
1190 1973 1326 2009 semme
1348 1971 1395 2009 l’a
1416 1971 1682 2020 habandonne‚

292 2048 359 2084 par
386 2034 556 2071 mauvais
577 2034 714 2070 conseil
731 2063 740 2079 ,
765 2047 803 2069 se
824 2033 895 2069 soit
914 2039 1020 2081 party
1040 2031 1085 2067 de
1105 2044 1173 2067 son
1190 2030 1311 2067 hostel
1335 2038 1371 2067 et
1388 2031 1593 2081 mesnaige,
1614 2044 1684 2068 au-

291 2093 377 2141 quel
402 2093 424 2129 il
448 2092 588 2129 s’estoit
615 2092 766 2129 retraict
797 2100 833 2127 et
856 2104 902 2127 cn
933 2089 1043 2126 icelui
1071 2089 1190 2126 vivoit
1216 2088 1552 2137 honorablement,
1579 2090 1684 2127 selon

292 2166 359 2188 son
381 2161 494 2199 estat,
526 2161 561 2189 et
588 2152 720 2202 depuis
745 2164 812 2187 son
837 2157 1046 2200 partemcnt
1061 2178 1070 2195 ‚
1091 2149 1142 2185 ait
1161 2149 1237 2186 este
1262 2149 1395 2185 trouve
1413 2148 1541 2185 vivant
1564 2162 1628 2185 sur
1649 2148 1684 2186 16

292 2223 384 2260 pays
419 2224 502 2246 sans
539 2210 619 2247 rien
657 2211 788 2259 paics,
829 2218 886 2245 etc
893 2236 971 2246 .....
1013 2207 1130 2243 Audit
1164 2207 1355 2257 suppliant
1389 2219 1507 2243 avons
1544 2207 1682 2254 remis,

291 2270 439 2318 quictc,
469 2269 664 2317 pai-donno
689 2278 725 2305 et
756 2268 883 2316 aboly,
911 2277 1031 2305 etc....
1062 2266 1114 2301 les
1146 2278 1206 2302 cas
1232 2274 1268 2301 ct
1299 2265 1433 2302 crimes
1463 2265 1594 2301 dessus
1616 2265 1685 2302 de-

291 2326 438 2367 claircz,
465 2334 570 2363 etc...
600 2326 733 2363 nonne
754 2328 773 2362 Ξι
794 2326 975 2376 Angiers,
991 2337 1040 2360 on
1064 2337 1168 2373 moys
1194 2323 1239 2360 de
1261 2324 1385 2375 juing,
1409 2325 1482 2361 l'an
1506 2324 1551 2361 (lc
1574 2338 1685 2376 grace

291 2385 354 2421 mil
380 2400 469 2420 cccc
492 2385 660 2421 soixante
680 2385 818 2429 dome,
841 2393 878 2421 et
900 2384 946 2420 de
965 2393 1092 2420 nostre
1113 2385 1227 2433 regne
1246 2383 1279 2419 le
1301 2384 1502 2420 unziesme.
1533 2400 1544 2413 υ
1569 2383 1679 2430 (Ibc'd.

291 2447 386 2494 Reg.
412 2446 502 2490 2197,
531 2457 566 2492 p.
597 2447 702 2488 25:35.)
733 2466 783 2471 —
806 2444 835 2480 Il
861 2457 883 2493 y
904 2457 924 2480 a
948 2456 1085 2480 encore
1112 2456 1187 2479 unc
1213 2442 1392 2478 abolition
1414 2442 1614 2492 gencrale,
1638 2455 1684 2479 en

292 2504 377 2540 date
397 2502 448 2538 du
471 2502 565 2537 mois
585 2501 631 2537 de
652 2501 775 2546 juillet
799 2504 914 2549 1466,
938 2515 1035 2552 pour
1056 2502 1109 2538 les
1133 2500 1320 2537 babitants
1341 2501 1391 2537 du
1410 2501 1603 2544 Cotentin,
1632 2501 1683 2538 du

290 2563 412 2598 comte
437 2561 483 2597 de
515 2559 673 2596 Mortalin
706 2569 737 2595 ct
770 2559 834 2595 (les
863 2561 1041 2596 vicomtcs
1065 2560 1111 2595 (16
1138 2562 1259 2608 Caen,
1283 2560 1368 2595 Vire
1393 2568 1427 2596 et
1448 2559 1681 2604 Avranches,

289 2621 352 2670 qui
374 2620 525 2656 avaient
543 2619 619 2668 pris
641 2618 692 2654 les
711 2631 834 2654 armes
854 2618 900 2654 dc
920 2619 1003 2655 lcur
1024 2618 1114 2656 chef
1134 2620 1207 2656 afin
1233 2619 1278 2655 de
1299 2632 1498 2668 repousser
1520 2619 1570 2655 les
1592 2621 1683 2654 Bre-

292 2689 387 2717 tons.
407 2679 520 2725 (lbid.
543 2681 639 2728 Reg.
663 2680 753 2722 194,
778 2691 814 2727 p.
840 2679 948 2723 170.)

343 2741 379 2776 1.
414 2741 574 2787 Propter
589 2737 681 2774 dans
705 2737 738 2773 le
759 2750 828 2776 ms.
