1923 3020
751 267 894 302 LIBER
923 267 1103 303 PRIMUS
1111 295 1118 301 .
1180 288 1183 290 -
1582 268 1630 303 79

303 353 438 399 Unde
461 363 523 412 et,
551 354 597 398 in
624 353 792 398 eodem
816 369 902 424 suo
926 352 1131 398 adventu
1156 368 1301 409 novo,
1327 351 1521 414 vectigal
1546 368 1632 397 no-

236 446 346 475 vum
372 430 594 492 imposuit
619 446 758 492 super
782 429 919 485 vinis,
948 445 1049 490 quaev
1070 444 1153 492 per
1176 428 1351 474 flumen
1378 430 1627 490 Sequanae,

237 505 323 550 sub
349 516 493 568 ponte
519 506 682 569 oppidi
707 504 1063 564 Pontis-Archae,
1091 504 1430 551 descenderent
1452 504 1630 550 Rotho·

237 597 427 642 magum
455 591 498 627 et
527 582 587 627 ad
617 592 770 645 partes
800 582 1072 627 inferiores:
1099 592 1145 628 et
1170 582 1285 627 illud
1317 582 1507 644 quidem
1533 598 1628 627 non

236 673 457 720 parvum3
481 658 562 704 sed
586 659 794 704 medium
817 668 1002 704 scutum
1021 659 1121 704 auri
1145 675 1232 722 pro
1255 659 1463 721 qualibet
1481 658 1631 705 cauda

235 734 330 778 vini
353 733 496 780 levari
518 735 690 796 jussit¹.
721 735 864 792 Quod
889 735 1114 796 injustum
1145 745 1190 780 et
1218 735 1535 781 irrationabile
1560 736 1630 780 ni-

236 811 345 870 mis,
378 811 609 874 valdeque
634 812 805 857 durum
830 821 874 857 et
898 811 1210 857 inhumanum
1235 821 1348 857 erat.
1383 814 1499 856 Nam
1522 828 1631 857 cuin

235 895 329 932 tota
352 888 544 933 inferior
567 889 854 935 Normannia
873 888 1185 946 careatvinis,
1209 888 1297 932 nisi
1319 897 1550 950 quatenus
1572 887 1630 934 de

234 964 425 1008 remotis
441 965 695 1010 Galliarum
712 964 966 1027 provinciis
983 963 1078 1022 illo,
1097 964 1282 1025 navigio
1299 980 1379 1009 seu
1397 963 1628 1023 curribus,

234 1040 549 1100 advehuntur,
588 1042 739 1104 sitque
769 1050 958 1086 vectura
986 1040 1105 1085 adeo
1132 1040 1283 1102 gravis
1306 1050 1447 1102 atque
1471 1057 1632 1103 sump-

234 1125 368 1162 tuosa
392 1117 520 1178 (cum
551 1117 648 1162 aliis
677 1116 942 1179 sumptibus
967 1125 1012 1161 et
1040 1115 1263 1178 impensis
1290 1132 1410 1178 quos
1436 1132 1522 1178 pro
1553 1132 1632 1162 eo-

234 1209 338 1237 rum
368 1194 609 1256 emptione
636 1192 736 1238 fieri
766 1194 980 1256 oportet)
1008 1191 1162 1255 quod,
1192 1208 1302 1237 cum
1332 1191 1424 1237 illic
1459 1208 1485 1238 a
1513 1209 1632 1238 mer-

232 1269 469 1315 catoribus
504 1269 798 1315 ducellantur
829 1269 923 1314 sive
959 1268 1019 1314 ad
1056 1268 1300 1315 tabernam
1332 1268 1628 1328 venduntur,

232 1357 425 1407 quartus
463 1345 707 1404 denarius,
755 1346 836 1407 qui
878 1345 972 1406 regi
1013 1344 1123 1390 inde
1163 1345 1382 1404 solvitur,
1427 1344 1487 1390 ad
1527 1346 1633 1408 plus

232 1423 451 1469 ascendat
482 1439 623 1485 quam
648 1422 791 1485 ipsius
817 1422 909 1466 vini
935 1422 1134 1484 pretium
1158 1422 1206 1467 in
1229 1421 1462 1485 plerisque
1487 1421 1627 1479 locis,

232 1499 358 1544 unde
397 1500 456 1545 ad
501 1499 837 1545 Normanniam
873 1498 1189 1557 advehuntur,
1226 1499 1476 1558 exstiterit,
1523 1500 1633 1545 satis

231 1576 442 1638 profecto
474 1576 551 1622 illa
584 1576 739 1622 infelix
765 1575 1032 1639 provincia,
1062 1585 1107 1621 et
1132 1592 1273 1638 super
1306 1576 1438 1635 satis,
1473 1576 1632 1638 quoad

231 1652 360 1712 vina,
397 1662 584 1714 gravata
612 1662 734 1711 erat,
770 1652 829 1698 de
861 1661 1028 1713 quarto
1062 1652 1140 1698 illo
1167 1652 1362 1699 denario
1387 1670 1529 1715 quem
1555 1671 1632 1700 rex

230 1745 372 1792 super
402 1729 647 1788 omnibus,
679 1745 780 1791 quse
806 1728 1122 1787 ducellantur,
1155 1729 1301 1789 levat,
1333 1730 1512 1793 absque
1540 1730 1633 1775 hoc

231 1807 359 1868 quod
381 1807 549 1852 iterum
568 1806 647 1852 illo
665 1822 792 1851 novo
810 1815 855 1851 et
872 1822 1074 1851 oneroso
1091 1806 1301 1868 vectigali
1323 1815 1628 1868 premeretur.

234 1883 445 1928 Vidimus
472 1884 558 1946 ipsi
587 1883 855 1945 frequenter
881 1899 966 1945 pro
990 1882 1142 1928 cauda
1164 1883 1261 1928 vini
1286 1882 1403 1928 solvi
1429 1899 1533 1942 sex,
1560 1883 1633 1929 vel

230 1969 431 2022 septem,
470 1959 542 2005 vel
575 1969 682 2004 octo
719 1959 922 2017 francos,
961 1976 1048 2021 pro
1076 1959 1327 2021 quadrimo
1356 1976 1435 2005 seu
1462 1969 1632 2022 quarto

229 2032 443 2091 denario,
469 2051 579 2079 cum
601 2035 649 2078 in
669 2034 775 2078 loco
795 2034 921 2079 unde
944 2035 1053 2080 vina
1075 2044 1233 2097 empta
1256 2043 1301 2079 et
1324 2034 1517 2080 advecta
1539 2035 1635 2081 fue-

229 2121 357 2171 rant,
385 2111 537 2157 cauda
559 2111 657 2155 vini
680 2110 818 2172 longe
842 2112 1024 2157 minore
1045 2112 1196 2174 pretio
1219 2111 1517 2158 venderetur.
1543 2111 1634 2158 Sed

231 2187 379 2232 nihilo
414 2187 539 2233 illam
575 2187 732 2251 patria:
767 2203 859 2232 suae
896 2197 940 2232 et
975 2188 1141 2251 populi
1179 2188 1390 2250 ejusdem
1423 2189 1634 2251 inopiam

229 2265 334 2327 pius
357 2282 438 2311 rex
461 2266 727 2321 miseratus,
754 2281 841 2327 pro
866 2265 968 2310 solo
992 2274 1127 2324 nutu,
1157 2265 1391 2328 prioribus
1413 2266 1521 2312 satis
1546 2266 1634 2311 im·-

232 2341 449 2388 manibus
493 2342 586 2387 hoc
635 2341 776 2386 etiam
827 2358 1006 2386 novum
1046 2342 1402 2388 Pontis—Archae
1438 2342 1633 2404 vectigal

230 2416 413 2478 adjecit.
439 2422 546 2474 Quo
570 2434 679 2463 cum
706 2420 883 2480 gravati
909 2418 1105 2463 nimium
1128 2428 1171 2464 et
1197 2419 1404 2464 deterriti
1427 2420 1635 2481 negotia-

229 2502 370 2553 tores,
399 2495 593 2540 flumine
618 2504 663 2540 et
685 2495 994 2556 navigationis
1019 2495 1357 2542 commoditate
1382 2496 1630 2552 derelictis,

228 2571 442 2617 curribus
455 2572 562 2617 vina
582 2571 813 2618 advehere
833 2572 989 2636 potius
1002 2572 1253 2635 eligerent,
1274 2583 1320 2619 et
1338 2590 1422 2637 per
1441 2583 1629 2630 terram,

281 2684 319 2722 1.
347 2675 431 2719 Edit
451 2683 516 2732 qui
533 2696 695 2732 manque
714 2683 834 2729 aussi;
860 2684 953 2721 mais
975 2697 1025 2722 on
1046 2685 1116 2722 sait
1135 2685 1225 2735 qu'il
1248 2686 1303 2722 sut
1320 2685 1448 2722 notific'
1469 2687 1489 2721 Ξι
1509 2685 1633 2722 l'Uni-

229 2741 364 2779 versite
383 2755 431 2779 en
448 2742 530 2789 juin
552 2745 668 2780 1462).
690 2743 908 2792 Duboulay,
931 2748 1028 2783 Hist,
1054 2746 1161 2782 Unio.
1184 2747 1308 2782 Paris.
1340 2747 1385 2790 V,
1409 2747 1497 2781 665.
