1923 3020
259 237 333 272 264
622 232 957 268 HISTORIARUM
985 232 1218 268 LUDOVICI
1246 233 1301 266 XI

257 325 449 367 Movens
466 320 620 378 itaque
641 333 667 362 a
689 316 946 362 Londoniis
970 333 1077 362 cum
1096 316 1244 379 copiis
1271 317 1383 376 suis,
1409 316 1467 362 ad
1486 318 1659 374 locum,

258 399 337 444 ubi
363 396 570 455 reginam
602 404 647 438 et
684 393 954 439 Edoardum
994 393 1141 439 filium
1178 393 1276 455 ejus
1306 409 1414 438 cum
1449 394 1542 438 suis
1566 410 1663 440 esse

256 472 568 530 existimabat,
591 471 677 517 iter
703 471 888 516 direxit.

320 549 449 594 ltlem
476 565 589 593 vero
619 547 866 593 Edoardus
891 565 999 593 cum
1022 558 1171 593 matre
1196 564 1279 593 sua
1303 565 1328 593 e
1354 547 1541 594 diverso
1562 566 1663 595 ver-

253 643 330 671 sus
360 641 514 687 regem
550 624 854 681 Edoardum,
895 626 996 670 freti
1030 626 1248 684 maxima,
1294 642 1434 687 quam
1466 642 1490 670 e
1521 626 1661 671 nobi-

254 703 375 749 libus
399 712 439 747 et
470 701 778 765 popularibus
803 712 1152 758 contraxerant,
1182 703 1502 762 multitudine,
1524 704 1661 749 etiam

253 779 629 837 contendebant;
660 789 985 841 veneruntque
1012 796 1158 842 usque
1182 779 1242 825 ad
1269 780 1502 826 civitatem
1528 785 1664 827 Bato-

255 856 506 901 niensem¹.
549 856 631 901 Cui
671 856 845 901 civitati
875 856 1275 919 al‘)p1³opinquavit
1302 856 1549 903 Edoai·(lus
1582 874 1662 903 rex

256 948 405 994 usque
429 932 488 977 ad
509 932 674 978 decem
693 942 735 978 et
753 942 860 977 octo
881 932 1092 978 milliaria
1109 934 1306 995 patriast,
1337 932 1496 996 ibique
1517 944 1664 979 castra

254 1020 454 1056 metatus
484 1020 572 1067 est,
601 1027 811 1073 sperans,
841 1010 905 1055 uti
926 1010 1046 1055 sama
1073 1009 1330 1067 ferebatur,
1366 1010 1525 1055 hostes
1557 1029 1665 1056 suos

253 1090 299 1134 in
328 1090 582 1135 crastinum
604 1106 763 1134 secum
791 1089 1111 1143 dimicaturos,
1144 1087 1206 1132 ibi
1239 1104 1318 1132 eos
1345 1089 1596 1150 opperiens
1621 1100 1665 1135 et

253 1175 445 1212 cunctas
484 1183 589 1212 suas
626 1167 747 1211 acies
782 1165 839 1210 ad
877 1164 1186 1228 praeliandum
1221 1181 1531 1227 componens.
1575 1166 1663 1211 Sed

253 1260 360 1288 cum
387 1243 433 1288 i‹l
456 1244 625 1304 reginae
648 1243 841 1305 ejusque
875 1242 971 1287 filio
1000 1242 1301 1299 innotuisset,
1338 1242 1467 1304 quod
1490 1242 1666 1288 Edoar-

254 1319 342 1364 (lus
375 1336 453 1366 rex
489 1320 548 1366 ad
577 1319 883 1383 praeliandum
922 1319 1160 1363 accinctus
1190 1328 1233 1363 et
1264 1328 1551 1381 praeparatus
1586 1336 1667 1365 eos

256 1408 526 1443 constanter
552 1396 881 1460 exspectabat,
909 1412 1184 1458 quanquam
1217 1395 1555 1458 congrediendi
1578 1413 1664 1460 pu-

257 1474 527 1536 gnandique
566 1475 863 1537 propositum
905 1473 1191 1536 accepissent
1219 1510 1228 1528 ,
1287 1482 1467 1518 mutato
1509 1481 1663 1519 tamen

258 1551 455 1596 consilio
477 1587 487 1606 ‚
521 1552 638 1613 regis
672 1551 792 1596 sama
818 1551 1175 1612 constantiaque
1208 1558 1348 1611 atque
1373 1549 1667 1596 animositate

259 1627 502 1680 deterriti,
550 1645 712 1674 versus
749 1638 929 1693 partem
977 1626 1394 1691 septentrionalem
1434 1644 1543 1672 cum
1580 1644 1665 1674 suo

258 1706 464 1750 exercitu
490 1705 806 1763 diverterunt,
848 1715 888 1750 et
919 1704 977 1749 ad
1003 1704 1234 1768 oppidum
1259 1704 1503 1766 quoddam
1531 1706 1668 1750 mari-

261 1782 445 1839 timum,
472 1783 759 1846 appellatum
785 1782 1027 1839 Brzlstule³‚
1055 1790 1389 1844 pervenerunt,
1416 1780 1545 1826 (lives
1565 1782 1668 1844 qui-

261 1858 369 1904 dem
392 1868 435 1903 et
458 1859 735 1922 opulentum
761 1868 901 1920 atque
928 1857 1181 1902 munitum.
1212 1859 1262 1901 In
1287 1874 1382 1919 quo
1407 1873 1514 1902 cum
1539 1859 1668 1904 auxi-

261 1936 324 1981 lio
342 1946 383 1981 et
407 1935 646 1981 favoribus
658 1935 978 1998 quorumdam
998 1935 1167 1997 recepti
1185 1934 1392 1991 fuissent,
1414 1933 1473 1979 ab
1487 1933 1662 1979 eisdem

263 2012 371 2056 vii-is
396 2014 609 2075 pecuniis
649 2023 693 2058 et
717 2022 985 2058 commeatu
1014 2011 1264 2057 confortati
1289 2011 1544 2074 plurimum
1568 2010 1667 2055 fue-

264 2098 374 2134 runt
398 2100 438 2134 et
466 2090 628 2152 adjuti.
656 2090 918 2153 Resumptis
938 2089 1075 2150 igitur
1097 2088 1266 2133 talibus
1285 2087 1460 2132 solatiis
1480 2087 1664 2145 animis,

264 2166 433 2211 iterum
452 2167 790 2228 congrediendi
813 2184 921 2213 cum
948 2165 1167 2212 Edoardo
1189 2176 1229 2211 et
1254 2165 1378 2210 bello
1398 2163 1668 2209 decertandi

265 2244 513 2289 consilium
551 2255 851 2308 acceperunt.
900 2244 1041 2300 Quod
1074 2253 1120 2288 ut
1154 2243 1382 2299 facerent,
1428 2241 1668 2304 praefatum

266 2319 495 2383 oppidum
534 2321 792 2375 exiverunt,
823 2331 865 2366 et
902 2321 959 2366 ad
994 2321 1152 2365 locum
1185 2335 1357 2364 novem
1394 2317 1670 2363 milliaribus

267 2395 326 2441 ab
358 2413 414 2441 eo
453 2396 704 2441 distantem
731 2414 778 2442 se
813 2398 1125 2453 conferente&
1160 2413 1209 2440 ιι.
1239 2395 1316 2440 die
1339 2395 1512 2440 mensis
1537 2394 1665 2449 maii,

266 2473 423 2519 locum
442 2473 534 2519 illic
557 2491 644 2536 pro
665 2476 823 2519 castris
847 2484 891 2519 et
914 2474 1135 2520 conflictu
1162 2472 1454 2535 delegerunt.

322 2597 357 2630 l.
394 2593 495 2632 nath.

321 2656 356 2689 2.
394 2654 566 2691 bix-huit
597 2655 715 2691 milles
740 2655 895 2703 anglais.

322 2715 356 2749 3.
390 2713 537 2751 Biistol.
