1923 3020
295 254 341 287 94
655 250 990 286 fflsTORIARUM
1018 249 1250 285 LUDOVICI
1279 251 1333 285 Xl

296 341 424 385 nium
443 353 580 382 suum
599 336 752 399 (quod
769 352 874 382 acre
891 335 1083 398 quidem
1103 344 1148 380 et
1169 335 1401 380 variarum
1422 346 1693 399 promptum

295 434 346 462 ac
367 414 496 460 facile
520 414 867 472 inventionum,
892 412 972 458 sed
994 428 1161 476 parum
1180 411 1268 457 sibi
1285 421 1505 457 constans
1523 411 1694 459 habere

295 492 551 554 ferebatur)
587 491 850 554 expendere
881 507 976 536 non
1003 489 1234 549 cessabat,
1262 489 1323 535 ad
1347 488 1697 535 conciliandum

293 570 396 629 sibi,
425 570 460 614 si
479 585 575 631 quo
594 568 739 613 modo
760 577 933 632 posset,
958 567 1128 612 ducem
1154 567 1418 626 Britannice,
1440 566 1697 630 perplures

294 647 548 709 legationes
579 645 667 691 sibi
696 646 898 690 invicem
931 643 1236 689 succedentes
1264 664 1273 689 :
1303 644 1516 707 aperiens
1542 644 1696 690 eidem

294 724 401 769 duci
432 723 581 768 varias
613 723 709 767 vias
741 738 901 767 secum
933 719 1211 784 pacificandi
1244 730 1288 765 et
1321 737 1428 765 eum
1457 720 1517 766 ad
1548 738 1596 767 se
1628 731 1696 767 at-

296 799 527 859 trahendi,
555 808 694 862 rupto
720 815 910 862 prorsus
935 797 1107 842 foedere
1131 796 1210 841 illo
1235 797 1448 842 amicitiae
1471 807 1515 842 et
1540 798 1697 844 frater-

294 878 473 935 nitatiS,
509 876 639 940 quod
671 893 777 922 cum
808 876 980 921 comite
1017 874 1074 919 de
1114 874 1357 919 Chat-olon·
1384 886 1690 939 percusserat.

296 958 394 999 Hoc
410 955 535 1000 enim
551 954 840 1017 praecipuum
857 969 953 998 esse
969 951 1162 1015 putabat
1182 952 1261 1014 (ad
1277 952 1403 1015 quod
1424 953 1697 1016 pervenien-

296 1032 427 1092 dum,
454 1032 676 1077 adversus
698 1031 850 1093 ipsum
871 1029 1040 1081 ducem
1065 1028 1278 1091 querelas
1302 1039 1346 1074 et
1371 1031 1696 1076 contentiones

295 1108 553 1173 promovit)
576 1118 642 1166 ut,
664 1108 910 1153 dissociata
931 1116 1070 1167 atque
1092 1105 1266 1150 dissuta
1286 1105 1474 1151 illorum
1493 1106 1697 1153 duorum

296 1186 564 1250 principum
592 1184 873 1229 fraternitate
900 1192 944 1227 et
971 1181 1334 1243 singularissima
1356 1182 1556 1229 invicem
1580 1184 1697 1230 ami-

296 1265 422 1321 citia,
450 1280 558 1308 cum
582 1262 728 1307 altero
754 1270 935 1306 tantum
960 1260 1154 1321 (scilicet
1176 1276 1282 1304 cum
1310 1261 1502 1323 praesato
1525 1263 1697 1308 comite

296 1341 353 1386 de
379 1340 620 1385 Chat-olola-
646 1349 691 1384 et
723 1336 999 1400 Burgundiae
1023 1336 1187 1398 domo)
1214 1337 1455 1399 negotium
1483 1338 1693 1400 haberet,

297 1419 544 1480 ipsumque
570 1415 769 1474 facilius,
797 1432 884 1478 pro
909 1413 1064 1472 libito,
1095 1414 1407 1476 exstingueret
1433 1432 1514 1460 seu
1538 1418 1698 1480 oppri-

297 1504 473 1552 meret,
526 1503 570 1539 et
611 1509 703 1538 suae
749 1491 993 1537 subactum
1042 1491 1273 1536 voluntati
1319 1490 1537 1538 efficeret.
1591 1495 1697 1548 Quo

296 1573 481 1630 effecto,
498 1571 594 1634 jam
612 1570 678 1615 nil
696 1569 931 1615 dubitaret
949 1569 1062 1631 quin
1088 1568 1227 1613 etiam
1249 1568 1493 1614 Britanniae
1510 1568 1696 1627 ducem,

295 1660 338 1695 et
369 1663 694 1711 quoscumque
723 1646 838 1692 alios
868 1645 997 1706 regni
1025 1644 1258 1707 principes
1288 1652 1426 1706 atque
1463 1655 1699 1708 magnates

297 1726 428 1772 facile
458 1735 502 1770 et
533 1724 709 1786 absque
743 1738 915 1784 magno
945 1721 1159 1782 negotio,
1194 1719 1265 1765 vel
1295 1720 1502 1766 similiter
1530 1722 1698 1785 oppri—

295 1812 470 1859 meret,
511 1801 579 1846 vel
613 1799 700 1846 sub
733 1814 892 1858 suam,
926 1813 1068 1860 quam
1099 1795 1262 1855 vellet,
1297 1796 1527 1859 redigeret
1556 1797 1697 1843 servi-

296 1881 479 1924 tutem¹.

361 1958 492 2000 Hanc
525 1954 701 2016 quippe
733 1969 840 1998 eum
871 1967 1028 2014 gerere
1061 1949 1381 2005 affectionem,
1417 1959 1461 1995 et
1488 1949 1580 1995 hoc
1610 1950 1699 1997 sibi

297 2031 408 2076 olim
446 2032 492 2076 in
535 2030 744 2075 animum
785 2028 1021 2073 induxisse
1066 2042 1233 2071 omnes
1273 2042 1403 2088 paene
1443 2025 1699 2071 Galliarum

298 2108 532 2170 principes
575 2115 619 2151 et
662 2121 882 2169 proceres
927 2103 1052 2148 velut
1087 2102 1383 2165 exploratum
1431 2101 1694 2162 habebant,

298 2184 427 2245 quod
459 2199 623 2228 omnes
653 2182 852 2244 majores
882 2180 1051 2225 domos
1081 2179 1209 2240 regni
1240 2188 1380 2240 atque
1409 2178 1699 2241 principatus

297 2259 451 2305 delere
480 2270 525 2305 et
553 2260 847 2320 exstinguere
876 2257 1033 2315 vellet,
1063 2255 1137 2300 vel
1163 2272 1238 2300 eas
1265 2255 1424 2299 saltem
1451 2263 1544 2298 tam
1573 2265 1698 2299 exte-

299 2353 442 2381 nuare
470 2345 513 2379 et
545 2336 758 2393 eradere,
793 2345 843 2380 ut
873 2333 1009 2379 nullae
1041 2332 1215 2378 eisdem
1249 2348 1462 2395 prorsus,
1494 2331 1565 2376 vel
1596 2333 1699 2376 uni-

298 2414 438 2459 versis
464 2412 535 2456 vel
560 2412 768 2473 singulis,
796 2419 1093 2458 remanerent
1122 2410 1259 2466 vires,
1293 2408 1417 2453 unde
1451 2408 1699 2453 adversum

297 2506 344 2535 se
370 2487 595 2533 rebellare
619 2487 691 2531 xel
715 2505 807 2532 suae
836 2496 1029 2550 possent
1054 2484 1338 2531 auderentve
1365 2483 1589 2529 obsistere
1623 2501 1700 2529 vo-

299 2566 480 2611 luntati.

356 2671 387 2705 ¹.
422 2671 453 2703 A
479 2665 513 2703 la
539 2678 667 2716 margo
687 2664 737 2700 ‹lu
759 2676 827 2700 ms.
859 2672 908 2699 est
936 2664 1027 2699 ecrit
1060 2663 1200 2700 devant
1223 2676 1264 2699 ce
1287 2675 1465 2712 passage,
1492 2662 1515 2695 ὰ
1546 2664 1581 2695 [α
1605 2669 1701 2695 toar-

297 2741 419 2775 qaesr,
444 2744 458 2758 «
485 2727 503 2760 a
528 2725 562 2760 la
582 2734 730 2772 turque.
759 2740 773 2753 υ
