1923 3020
712 268 854 304 LIBER
883 267 1108 314 QUINTUS.
1531 267 1601 302 401

216 365 437 418 tanquam
464 357 630 401 tutoris
667 372 747 401 seu
785 355 1013 400 curatoris
1046 354 1311 413 minorum,
1339 353 1498 399 omnia
1526 370 1611 416 per

215 443 358 479 totam
382 432 663 477 Sabaudiam
688 431 1151 477 administrabantur.
1184 434 1238 475 Et
1256 431 1320 475 sic
1337 447 1391 475 ex
1409 445 1463 476 ea
1480 439 1608 493 parte

214 520 310 555 erat
337 509 444 554 duci
474 509 752 569 Burgundiae
782 507 1022 553 exclusum
1049 507 1299 567 effugium3
1332 508 1542 553 similiter
1565 518 1610 554 et

214 602 268 631 ex
296 595 388 630 tota
412 586 663 630 Germania
688 594 732 629 et
756 583 1048 628 Suitensibus
1071 583 1222 628 terris.
1256 586 1318 628 Ex
1345 595 1476 646 parte
1496 601 1608 630 vero

214 661 412 706 Franciae
435 670 478 705 et
506 670 734 705 terrarum
764 659 906 721 regis,
935 674 1038 720 quae
1064 658 1241 718 majore
1267 675 1322 703 ex
1345 669 1476 722 parte
1500 664 1612 705 Bur-

213 736 433 797 gundiani
469 736 841 798 conterminant,
883 736 1023 780 etiam
1052 735 1267 796 pervium
1291 735 1379 780 sibi
1404 737 1491 781 iter
1514 753 1611 783 esse

214 827 308 856 non
346 821 545 873 poterat.
588 815 653 856 Ex
684 811 827 856 latere
857 821 1014 856 autem
1052 811 1386 874 Lotharingiae,
1435 830 1609 875 quam,

159 925 162 926 ν
212 898 406 951 propter
427 888 703 934 habendum
728 889 976 934 transitum
1002 904 1055 933 ex
1084 889 1384 934 inferioribus
1407 892 1541 936 terris
1564 892 1611 936 in

212 966 545 1028 Burgundiam‚
573 967 671 1030 ipse
695 966 1087 1028 Burgundionum
1106 966 1200 1010 dux
1226 965 1400 1012 habere
1423 984 1614 1030 magno-

212 1060 322 1107 pere
345 1044 615 1102 affectabat,
651 1045 806 1090 clausa
842 1044 928 1089 sibi
959 1053 1052 1089 erat
1091 1043 1188 1100 via,
1218 1059 1275 1088 eo
1300 1044 1431 1105 quod
1459 1055 1503 1090 et
1534 1061 1615 1108 pa·

213 1120 301 1165 tria
323 1157 333 1177 ,
363 1130 413 1165 ut
445 1120 646 1165 diximus
668 1157 678 1177 ,
711 1120 768 1166 ab
803 1137 859 1165 eo
891 1119 1151 1177 defecerat,
1182 1129 1226 1164 ct
1262 1119 1354 1164 illic
1390 1120 1484 1165 dux
1514 1122 1613 1184 ipse

213 1196 521 1258 Lotharingiae
545 1196 704 1258 copias
727 1206 1017 1242 armatorum
1042 1212 1232 1257 magnas
1258 1196 1480 1243 habebat.

278 1276 333 1319 Et
363 1274 427 1318 sic
454 1275 573 1318 inter
601 1273 930 1335 hujuscemodi
956 1274 1191 1334 angustias
1221 1285 1486 1321 coarctatus
1519 1277 1613 1322 dux

212 1349 518 1409 Burgundiae,
553 1366 647 1411 quo
679 1365 725 1393 se
749 1349 1000 1394 dix‘erteret
1017 1385 1028 1406 ,
1055 1349 1128 1394 vel
1151 1366 1362 1411 quonam
1390 1352 1534 1397 modo
1558 1369 1613 1398 ex

212 1426 427 1471 Flandria
459 1436 503 1471 et
529 1426 741 1471 Picardia
774 1437 912 1488 atque
947 1426 1046 1472 aliis
1075 1427 1208 1471 terris
1249 1427 1344 1472 suis
1380 1428 1612 1474 inferiori-

212 1502 300 1548 bus
324 1502 394 1547 vel
419 1502 663 1564 pecunias,
690 1502 763 1546 vel
787 1501 1004 1547 homines
1029 1501 1089 1547 ad
1125 1502 1506 1564 supplementum
1543 1506 1615 1550 sui

213 1578 440 1624 exercitus
465 1578 638 1623 habere
662 1587 846 1640 posset,
880 1595 977 1623 non
1002 1579 1287 1624 inveniebat.
1323 1582 1438 1635 Quae
1460 1598 1532 1627 res
1555 1583 1614 1627 ad

212 1655 455 1700 cumulum
488 1670 711 1716 magnum
737 1655 1029 1700 miseriarum
1055 1654 1144 1700 sibi
1166 1644 1523 1718 proveniebant.

276 1730 488 1776 Mittebat
529 1730 766 1776 interdum
808 1731 998 1776 nuntios
1036 1741 1080 1776 et
1113 1731 1332 1794 epistolas
1370 1733 1430 1777 ad
1468 1750 1609 1794 suos,

212 1824 332 1870 quos
361 1809 408 1853 in
432 1808 649 1854 Flandria
675 1818 718 1853 et
743 1808 1062 1869 adjacentibus
1089 1809 1360 1872 provinciis,
1387 1827 1613 1873 procura-

213 1894 338 1931 tores
373 1885 577 1930 habebat
606 1895 649 1930 et
676 1885 929 1931 ministros.
965 1886 1053 1931 Sed
1087 1903 1253 1932 eorum
1292 1903 1462 1949 magna
1505 1905 1613 1951 pars

214 1962 273 2007 ab
304 1963 516 2007 hostibus
549 1962 622 2007 vel
661 1963 709 2006 in
748 1963 821 2007 via
852 1961 1159 2020 necabantur,
1195 1962 1268 2007 vel
1309 1963 1611 2013 abduceban—

216 2047 289 2083 tur
327 2039 512 2101 captivi.
554 2038 694 2094 Quod
729 2039 765 2083 si
800 2055 965 2084 eorum
995 2039 1168 2099 aliqui,
1205 2038 1611 2100 quemadmodum

215 2116 432 2178 possibile
466 2127 586 2173 erat,
625 2117 745 2160 inter
771 2125 840 2160 tot
875 2115 1100 2161 audentes
1134 2131 1181 2159 se
1212 2115 1428 2177 periculis
1473 2133 1610 2163 com-

216 2193 424 2250 mittere,
462 2193 619 2238 furtim
652 2209 735 2255 per
763 2192 962 2254 abrupta
985 2191 1204 2236 itinerum
1227 2207 1309 2236 seu
1340 2192 1508 2253 quovis
1530 2193 1613 2238 in—

218 2270 355 2331 genio
394 2286 559 2314 manus
600 2269 793 2314 hostiles
826 2268 1054 2324 evadere,
1092 2276 1168 2323 et,
1205 2266 1263 2311 ad
1306 2284 1425 2329 quos
1471 2268 1614 2314 desti-

219 2346 470 2401 nabantur,
503 2346 745 2407 pervenire
783 2345 1070 2407 potuissent,
1114 2352 1212 2389 esto
1250 2344 1404 2405 quod,
1442 2345 1612 2407 quibus

217 2422 537 2484 dirigebantur
560 2423 780 2467 mandata
811 2422 870 2467 de
901 2420 1183 2466 insinuando
1220 2421 1385 2466 eadem
1415 2422 1613 2468 subditis

217 2499 337 2554 suis,
368 2507 599 2559 quatenus
634 2498 679 2542 in
719 2498 783 2542 eis
823 2507 946 2556 erat,
983 2513 1030 2542 se
1067 2496 1252 2542 debit0¹
1286 2497 1609 2556 absolverent,

220 2576 335 2620 nulli
361 2585 515 2620 tamen
540 2576 922 2638 provincialium,
950 2576 1089 2620 etiam
1112 2591 1276 2620 eorum
1307 2576 1388 2637 qui
1420 2587 1614 2639 propter

272 2732 309 2766 1.
340 2733 483 2766 Delicto
504 2729 597 2766 dans
616 2729 650 2766 le
671 2742 740 2766 ms.

430 2813 463 2836 11
1360 2802 1409 2837 26
