1923 3020
299 220 371 255 334
658 221 878 255 HISTORIA
886 221 951 254 RU
958 222 990 254 M
1021 222 1082 255 LU
1090 221 1253 256 DOVICI
1283 223 1337 257 XI

296 317 453 363 verat,
483 304 737 361 conficere,
775 314 819 350 ct
853 321 969 367 quas
995 322 1154 350 secum
1182 305 1385 352 habebat
1419 308 1579 370 copias
1616 310 1695 355 illo

295 382 538 428 traducere
558 381 802 443 potuisset,
829 383 970 427 etiam
991 400 1045 429 ex
1066 383 1352 445 Burgundia,
1376 384 1455 430 ubi
1480 401 1697 448 magnam

294 456 494 502 habebat
515 466 696 520 partem
721 459 966 522 copiarum
991 476 1205 517 suarum,
1227 460 1415 522 aggredi
1433 471 1578 508 terras
1600 463 1698 510 illas

294 534 494 592 Alsatiae‚
527 543 571 579 et
596 535 658 580 ita
679 551 703 580 a
729 534 925 581 diversis
949 553 1190 599 aggressus
1220 537 1453 600 partibus,
1482 538 1614 585 facile
1649 540 1695 585 in

291 626 423 655 suam
450 626 526 656 eas
557 611 768 673 redigere
801 612 1051 659 ditionem.
1082 614 1174 659 Sed
1208 631 1351 677 quam
1382 615 1521 678 longe
1544 618 1693 675 aliter,

291 700 344 730 ac
367 687 675 733 aestimaverat
691 689 827 750 eique
849 705 874 734 a
892 689 1019 735 dicto
1040 690 1396 754 archiepiscopo
1422 692 1569 738 fuerat
1590 710 1697 755 sug-

289 772 470 824 gestum
487 800 498 819 ‚
527 781 600 810 res
624 768 956 828 provenerint,
984 784 1040 812 ex
1060 767 1131 812 his
1156 784 1258 830 quae
1282 768 1694 833 referemusappa-

291 840 443 886 rebit:
473 851 525 887 ut
548 843 957 905 quemadmodum
988 861 1109 908 saepe
1142 855 1187 890 et
1219 846 1264 889 in
1299 845 1482 904 multis,
1518 857 1618 893 tum
1647 849 1693 893 in

290 917 381 962 hoc
404 929 576 964 eventu
600 936 765 965 verum
787 937 885 966 esse
910 931 1088 983 pateat,
1115 920 1245 983 quod
1276 937 1407 966 sacer
1430 923 1555 967 canit
1576 924 1695 986 psal-

290 1012 393 1042 mus
413 1014 421 1040 ε
444 1017 466 1040 «
485 999 724 1054 Quoniam
744 999 978 1044 Dominus
1003 998 1195 1061 dissipat
1215 998 1525 1059 cogitationes
1546 1017 1696 1064 popu-

288 1073 444 1118 lorum
467 1083 512 1119 et
535 1074 759 1137 reprobat
783 1075 978 1120 consilia
1004 1075 1290 1137 principum.
1324 1094 1345 1115 J)

352 1153 471 1196 Cum
516 1152 665 1208 enim,
706 1169 865 1197 mense
904 1151 1046 1213 julio,
1082 1152 1128 1195 in
1169 1150 1290 1211 agris
1325 1150 1696 1211 Trajeetensibus

283 1228 415 1289 juxta
439 1228 615 1273 flumen
644 1231 800 1273 Mosael
827 1228 989 1291 copias
1023 1242 1129 1272 suas
1161 1226 1412 1288 coegisset,
1443 1226 1695 1290 fuissetque

287 1315 671 1362 castrametatus,
700 1306 856 1352 statim
880 1315 1004 1369 post,
1035 1305 1094 1351 ad
1121 1304 1438 1350 obsidendum
1464 1306 1694 1369 oppidum

288 1383 509 1438 Nussiae²‚
538 1399 678 1445 supra
708 1383 858 1446 ripam
898 1383 1045 1428 Rheni
1083 1382 1314 1439 fluminis,
1343 1392 1495 1428 castra
1530 1383 1695 1429 admo—

286 1462 372 1517 vit,
395 1461 548 1524 ipsum
568 1461 800 1524 oppidum
829 1461 1009 1522 magnis
1031 1460 1234 1505 militum
1259 1459 1547 1521 agminibus,
1573 1469 1695 1506 terra

287 1537 593 1599 flumineque,
618 1554 672 1583 ex
697 1538 901 1600 quadam
926 1537 1170 1599 adjacente
1188 1537 1357 1596 insula7
1385 1537 1529 1583 cinxit
1554 1548 1694 1599 atque

285 1613 536 1659 obsidione
563 1614 767 1660 vallavit.
796 1615 991 1660 Circiter
1019 1623 1179 1659 autem
1206 1630 1399 1660 emenso
1429 1623 1537 1659 ante
1560 1613 1695 1659 bien-

286 1690 391 1747 nio,
419 1689 750 1752 hujuscemodi
776 1691 1033 1754 oppidum,
1067 1690 1198 1753 quod
1224 1700 1292 1736 est
1319 1690 1378 1735 de
1406 1691 1693 1753 patrimonio

285 1765 716 1830 archiepiscopatus
748 1768 1065 1825 Coloniensis,
1093 1777 1288 1831 propter
1321 1766 1550 1828 quasdam
1585 1768 1694 1812 satis

284 1858 424 1888 saevas
451 1844 743 1889 exactiones³
776 1861 892 1907 quas
921 1845 968 1889 in
1000 1845 1124 1890 cives
1156 1844 1249 1889 loci
1287 1853 1332 1889 et
1356 1843 1587 1907 oppidum
1617 1858 1691 1889 ar-

284 1920 613 1985 chiepiscopus
649 1921 824 1981 facere,
863 1932 914 1967 ut
945 1922 1087 1983 vulgo
1122 1922 1376 1980 ferebatur,
1411 1931 1687 1976 attentarat,

285 1997 371 2059 ipsi
394 1999 515 2044 cives
536 1999 595 2044 ab
614 2000 715 2062 ipso
738 1999 937 2045 domino
958 2017 1044 2045 suo
1069 2001 1363 2058 defecerant,
1391 2010 1552 2062 atque,
1582 1998 1692 2044 obe-

284 2073 459 2120 dientia
482 2076 571 2121 sibi
602 2075 861 2132 subtracta,
886 2094 985 2122 sese
1010 2078 1056 2122 in
1083 2077 1347 2123 libertatem
1370 2076 1686 2135 vindicarant,

285 2160 329 2194 et
347 2151 722 2199 consoedcrarant
759 2154 965 2217 capitulo
986 2154 1280 2200 Coloniensis
1304 2154 1506 2201 ecclesiae
1524 2191 1534 2211 ,
1558 2153 1689 2217 quod

284 2228 540 2274 simultates
564 2248 724 2292 graves
750 2232 973 2277 adversus
997 2249 1136 2278 suum
1160 2232 1568 2296 archiepiscopum
1594 2231 1689 2277 ob—

340 2413 351 2444 ‘l
369 2440 375 2446 .
410 2411 481 2445 Les
503 2407 682 2444 enviions
702 2408 748 2445 (le
761 2410 979 2446 Maestiicht
993 2423 1058 2457 ou,
1075 2423 1224 2446 comme
1244 2422 1293 2446 on
1315 2409 1426 2446 disait
1445 2423 1492 2447 en
1510 2412 1686 2460 srancais,

285 2468 331 2505 de
350 2470 711 2504 Trect-sur-Mfflsc.
738 2471 789 2504 Le
810 2469 881 2505 duc
911 2470 1036 2506 ari-iva
1064 2469 1157 2506 dans
1181 2477 1277 2505 cette
1306 2467 1396 2506 ville
1420 2468 1455 2506 lc
1476 2471 1524 2506 13
1548 2470 1685 2517 juillet.

283 2527 440 2576 Lenglct
460 2526 692 2574 Dusresnoy,
718 2528 934 2571 (mmmm,
958 2537 982 2564 t.
1003 2531 1035 2564 II
1051 2559 1059 2573 ‚
1083 2542 1119 2578 p.
1144 2530 1233 2564 213.

337 2589 371 2624 Ξ.
407 2589 544 2633 Reuss,
568 2586 798 2622 aii-dessous
822 2587 867 2621 dc
888 2587 1073 2638 Coiogne,
1102 2587 1345 2633 aujourd'hui
1364 2587 1456 2624 dans
1478 2588 1511 2624 le
1544 2586 1687 2622 district

284 2645 330 2682 de
350 2644 577 2682 Dusseldorf
592 2647 741 2687 (Prusse
763 2644 959 2691 rhenane).

339 2707 372 2740 3.
408 2706 672 2740 Excusatlones
689 2703 781 2740 dans
799 2703 832 2739 le
856 2716 924 2738 nis.
