<?xml version="1.0" encoding="UTF-8"?>
<!DOCTYPE html PUBLIC "-//W3C//DTD XHTML 1.0 Transitional//EN"
    "http://www.w3.org/TR/xhtml1/DTD/xhtml1-transitional.dtd">
<html xmlns="http://www.w3.org/1999/xhtml" xml:lang="en" lang="en">
 <head>
  <title>
</title>
<meta http-equiv="Content-Type" content="text/html;charset=utf-8" />
  <meta name='ocr-system' content='tesseract 3.04.00' />
  <meta name='ocr-capabilities' content='ocr_page ocr_carea ocr_par ocr_line ocrx_word'/>
</head>
<body>
  <div class='ocr_page' id='page_1' title='image "./histoiredesrgn02basi_0293.png"; bbox 0 0 1923 3020; ppageno 0'>
   <div class='ocr_carea' id='block_1_1' title="bbox 722 279 1647 317">
    <p class='ocr_par' dir='ltr' id='par_1_1' title="bbox 722 279 1647 317">
     <span class='ocr_line' id='line_1_1' title="bbox 722 279 1647 317; baseline 0.003 -4"><span class='ocrx_word' id='word_1_1' title='bbox 722 280 862 314; x_wconf 73' lang='lat' dir='ltr'>LIBER</span> <span class='ocrx_word' id='word_1_2' title='bbox 901 279 1167 315; x_wconf 82' lang='lat' dir='ltr'>SECUNDUS.</span> <span class='ocrx_word' id='word_1_3' title='bbox 1574 281 1647 317; x_wconf 69' lang='lat'>213</span> 
     </span>
    </p>
   </div>
   <div class='ocr_carea' id='block_1_2' title="bbox 244 365 1656 1811">
    <p class='ocr_par' dir='ltr' id='par_1_2' title="bbox 244 365 1656 1811">
     <span class='ocr_line' id='line_1_2' title="bbox 245 365 1648 430; baseline 0 -18"><span class='ocrx_word' id='word_1_4' title='bbox 245 383 377 412; x_wconf 89' lang='lat' dir='ltr'>suam</span> <span class='ocrx_word' id='word_1_5' title='bbox 433 366 729 430; x_wconf 84' lang='lat' dir='ltr'>plurimaque</span> <span class='ocrx_word' id='word_1_6' title='bbox 782 367 828 411; x_wconf 90' lang='lat' dir='ltr'>in</span> <span class='ocrx_word' id='word_1_7' title='bbox 884 365 1096 411; x_wconf 87' lang='lat' dir='ltr'>moribus</span> <span class='ocrx_word' id='word_1_8' title='bbox 1143 366 1434 411; x_wconf 86' lang='lat' dir='ltr'>vitiosissima</span> <span class='ocrx_word' id='word_1_9' title='bbox 1454 402 1464 422; x_wconf 85' lang='lat'>,</span> <span class='ocrx_word' id='word_1_10' title='bbox 1514 366 1648 412; x_wconf 81' lang='lat' dir='ltr'>valde</span> 
     </span>
     <span class='ocr_line' id='line_1_3' title="bbox 244 443 1651 504; baseline -0.001 -15"><span class='ocrx_word' id='word_1_11' title='bbox 244 443 452 502; x_wconf 60' lang='lat' dir='ltr'>exosus),</span> <span class='ocrx_word' id='word_1_12' title='bbox 477 443 557 487; x_wconf 79' lang='lat' dir='ltr'>scd</span> <span class='ocrx_word' id='word_1_13' title='bbox 582 459 634 488; x_wconf 88' lang='lat' dir='ltr'>ea</span> <span class='ocrx_word' id='word_1_14' title='bbox 660 454 753 489; x_wconf 87' lang='lat' dir='ltr'>tam</span> <span class='ocrx_word' id='word_1_15' title='bbox 782 443 984 489; x_wconf 81' lang='lat' dir='ltr'>absurda</span> <span class='ocrx_word' id='word_1_16' title='bbox 1007 453 1046 488; x_wconf 79' lang='lat' dir='ltr'>et</span> <span class='ocrx_word' id='word_1_17' title='bbox 1076 443 1270 488; x_wconf 86' lang='lat' dir='ltr'>ridicula</span> <span class='ocrx_word' id='word_1_18' title='bbox 1296 443 1405 488; x_wconf 77' lang='lat' dir='ltr'>viris</span> <span class='ocrx_word' id='word_1_19' title='bbox 1432 443 1651 504; x_wconf 82' lang='lat' dir='ltr'>gravibus</span> 
     </span>
     <span class='ocr_line' id='line_1_4' title="bbox 245 518 1648 582; baseline 0.001 -18"><span class='ocrx_word' id='word_1_20' title='bbox 245 536 342 564; x_wconf 83' lang='lat' dir='ltr'>esse</span> <span class='ocrx_word' id='word_1_21' title='bbox 376 518 658 574; x_wconf 78' lang='lat' dir='ltr'>serebantur,</span> <span class='ocrx_word' id='word_1_22' title='bbox 702 529 773 575; x_wconf 79' lang='lat' dir='ltr'>ut,</span> <span class='ocrx_word' id='word_1_23' title='bbox 804 536 899 564; x_wconf 90' lang='lat' dir='ltr'>non</span> <span class='ocrx_word' id='word_1_24' title='bbox 931 528 1125 582; x_wconf 87' lang='lat' dir='ltr'>propter</span> <span class='ocrx_word' id='word_1_25' title='bbox 1155 535 1230 575; x_wconf 85' lang='lat' dir='ltr'>ea,</span> <span class='ocrx_word' id='word_1_26' title='bbox 1266 518 1348 564; x_wconf 88' lang='lat' dir='ltr'>scd</span> <span class='ocrx_word' id='word_1_27' title='bbox 1377 528 1571 582; x_wconf 82' lang='lat' dir='ltr'>propter</span> <span class='ocrx_word' id='word_1_28' title='bbox 1603 519 1648 565; x_wconf 87' lang='lat' dir='ltr'>id</span> 
     </span>
     <span class='ocr_line' id='line_1_5' title="bbox 244 596 1652 660; baseline 0 -18"><span class='ocrx_word' id='word_1_29' title='bbox 244 596 476 660; x_wconf 59' lang='lat' dir='ltr'>praecipue</span> <span class='ocrx_word' id='word_1_30' title='bbox 508 597 635 658; x_wconf 73' lang='lat' dir='ltr'>quod</span> <span class='ocrx_word' id='word_1_31' title='bbox 667 607 832 642; x_wconf 88' lang='lat' dir='ltr'>auctor</span> <span class='ocrx_word' id='word_1_32' title='bbox 861 598 907 642; x_wconf 92' lang='lat' dir='ltr'>in</span> <span class='ocrx_word' id='word_1_33' title='bbox 941 596 1236 642; x_wconf 88' lang='lat' dir='ltr'>consulendo</span> <span class='ocrx_word' id='word_1_34' title='bbox 1265 607 1309 642; x_wconf 93' lang='lat' dir='ltr'>et</span> <span class='ocrx_word' id='word_1_35' title='bbox 1340 596 1523 659; x_wconf 80' lang='lat' dir='ltr'>agendo</span> <span class='ocrx_word' id='word_1_36' title='bbox 1550 596 1652 642; x_wconf 85' lang='lat' dir='ltr'>sue-</span> 
     </span>
     <span class='ocr_line' id='line_1_6' title="bbox 244 672 1651 735; baseline 0.001 -17"><span class='ocrx_word' id='word_1_37' title='bbox 244 682 313 718; x_wconf 88' lang='lat' dir='ltr'>rat</span> <span class='ocrx_word' id='word_1_38' title='bbox 333 681 381 717; x_wconf 88' lang='lat' dir='ltr'>ut</span> <span class='ocrx_word' id='word_1_39' title='bbox 406 672 505 735; x_wconf 87' lang='lat' dir='ltr'>paci</span> <span class='ocrx_word' id='word_1_40' title='bbox 526 672 607 729; x_wconf 73' lang='lat' dir='ltr'>illi,</span> <span class='ocrx_word' id='word_1_41' title='bbox 635 690 776 735; x_wconf 83' lang='lat' dir='ltr'>quani</span> <span class='ocrx_word' id='word_1_42' title='bbox 797 674 842 718; x_wconf 93' lang='lat' dir='ltr'>in</span> <span class='ocrx_word' id='word_1_43' title='bbox 869 676 1046 718; x_wconf 79' lang='lat' dir='ltr'>Perona</span> <span class='ocrx_word' id='word_1_44' title='bbox 1074 672 1241 718; x_wconf 84' lang='lat' dir='ltr'>factam</span> <span class='ocrx_word' id='word_1_45' title='bbox 1268 672 1486 731; x_wconf 80' lang='lat' dir='ltr'>diximus,</span> <span class='ocrx_word' id='word_1_46' title='bbox 1515 691 1651 719; x_wconf 91' lang='lat' dir='ltr'>suum</span> 
     </span>
     <span class='ocr_line' id='line_1_7' title="bbox 244 749 1654 812; baseline 0.001 -18"><span class='ocrx_word' id='word_1_47' title='bbox 244 765 320 794; x_wconf 78' lang='lat' dir='ltr'>rex</span> <span class='ocrx_word' id='word_1_48' title='bbox 348 749 752 794; x_wconf 71' lang='lat' dir='ltr'>accommodasset</span> <span class='ocrx_word' id='word_1_49' title='bbox 777 765 1037 806; x_wconf 79' lang='lat' dir='ltr'>assensum,</span> <span class='ocrx_word' id='word_1_50' title='bbox 1065 749 1388 812; x_wconf 85' lang='lat' dir='ltr'>apprehensus</span> <span class='ocrx_word' id='word_1_51' title='bbox 1413 760 1459 795; x_wconf 87' lang='lat' dir='ltr'>et</span> <span class='ocrx_word' id='word_1_52' title='bbox 1486 751 1532 795; x_wconf 89' lang='lat' dir='ltr'>in</span> <span class='ocrx_word' id='word_1_53' title='bbox 1556 768 1654 796; x_wconf 61' lang='lat' dir='ltr'>cat*-</span> 
     </span>
     <span class='ocr_line' id='line_1_8' title="bbox 244 825 1654 890; baseline 0.002 -19"><span class='ocrx_word' id='word_1_54' title='bbox 244 842 397 872; x_wconf 86' lang='lat' dir='ltr'>cercm</span> <span class='ocrx_word' id='word_1_55' title='bbox 417 825 657 887; x_wconf 84' lang='lat' dir='ltr'>conjectus</span> <span class='ocrx_word' id='word_1_56' title='bbox 676 826 813 871; x_wconf 79' lang='lat' dir='ltr'>fuisse</span> <span class='ocrx_word' id='word_1_57' title='bbox 831 825 1115 870; x_wconf 74' lang='lat' dir='ltr'>crederetur.</span> <span class='ocrx_word' id='word_1_58' title='bbox 1138 826 1280 881; x_wconf 85' lang='lat' dir='ltr'>Quod</span> <span class='ocrx_word' id='word_1_59' title='bbox 1306 837 1483 888; x_wconf 82' lang='lat' dir='ltr'>quanto</span> <span class='ocrx_word' id='word_1_60' title='bbox 1510 829 1654 890; x_wconf 84' lang='lat' dir='ltr'>magis</span> 
     </span>
     <span class='ocr_line' id='line_1_9' title="bbox 245 901 1654 966; baseline 0.002 -19"><span class='ocrx_word' id='word_1_61' title='bbox 245 902 371 966; x_wconf 87' lang='lat' dir='ltr'>apud</span> <span class='ocrx_word' id='word_1_62' title='bbox 396 902 674 964; x_wconf 74' lang='lat' dir='ltr'>Burgundiae</span> <span class='ocrx_word' id='word_1_63' title='bbox 695 902 865 947; x_wconf 88' lang='lat' dir='ltr'>ducem</span> <span class='ocrx_word' id='word_1_64' title='bbox 886 901 1120 947; x_wconf 85' lang='lat' dir='ltr'>occultare</span> <span class='ocrx_word' id='word_1_65' title='bbox 1144 912 1188 946; x_wconf 85' lang='lat' dir='ltr'>et</span> <span class='ocrx_word' id='word_1_66' title='bbox 1211 901 1391 947; x_wconf 90' lang='lat' dir='ltr'>diluere</span> <span class='ocrx_word' id='word_1_67' title='bbox 1411 919 1488 949; x_wconf 80' lang='lat' dir='ltr'>rex</span> <span class='ocrx_word' id='word_1_68' title='bbox 1513 921 1654 951; x_wconf 87' lang='lat' dir='ltr'>cona-</span> 
     </span>
     <span class='ocr_line' id='line_1_10' title="bbox 244 978 1653 1042; baseline 0.002 -18"><span class='ocrx_word' id='word_1_69' title='bbox 244 989 388 1038; x_wconf 81' lang='lat' dir='ltr'>retur,</span> <span class='ocrx_word' id='word_1_70' title='bbox 409 989 540 1024; x_wconf 86' lang='lat' dir='ltr'>tanto</span> <span class='ocrx_word' id='word_1_71' title='bbox 566 978 778 1042; x_wconf 85' lang='lat' dir='ltr'>profecto</span> <span class='ocrx_word' id='word_1_72' title='bbox 805 979 862 1024; x_wconf 91' lang='lat' dir='ltr'>de</span> <span class='ocrx_word' id='word_1_73' title='bbox 888 994 942 1024; x_wconf 85' lang='lat' dir='ltr'>ea</span> <span class='ocrx_word' id='word_1_74' title='bbox 967 995 1032 1035; x_wconf 78' lang='lat' dir='ltr'>re,</span> <span class='ocrx_word' id='word_1_75' title='bbox 1055 988 1097 1023; x_wconf 93' lang='lat' dir='ltr'>et</span> <span class='ocrx_word' id='word_1_76' title='bbox 1124 978 1183 1023; x_wconf 90' lang='lat' dir='ltr'>de</span> <span class='ocrx_word' id='word_1_77' title='bbox 1210 979 1453 1025; x_wconf 78' lang='lat' dir='ltr'>voluntate</span> <span class='ocrx_word' id='word_1_78' title='bbox 1480 980 1653 1027; x_wconf 88' lang='lat' dir='ltr'>dissol-</span> 
     </span>
     <span class='ocr_line' id='line_1_11' title="bbox 244 1055 1656 1119; baseline 0.003 -19"><span class='ocrx_word' id='word_1_79' title='bbox 244 1056 383 1101; x_wconf 83' lang='lat' dir='ltr'>vendi</span> <span class='ocrx_word' id='word_1_80' title='bbox 404 1056 673 1118; x_wconf 74' lang='lat' dir='ltr'>praedictam</span> <span class='ocrx_word' id='word_1_81' title='bbox 697 1073 861 1119; x_wconf 83' lang='lat' dir='ltr'>pacem</span> <span class='ocrx_word' id='word_1_82' title='bbox 886 1065 1025 1118; x_wconf 87' lang='lat' dir='ltr'>atque</span> <span class='ocrx_word' id='word_1_83' title='bbox 1049 1055 1108 1101; x_wconf 82' lang='lat' dir='ltr'>al)</span> <span class='ocrx_word' id='word_1_84' title='bbox 1129 1072 1186 1119; x_wconf 18' lang='lat' dir='ltr'>„ea</span> <span class='ocrx_word' id='word_1_85' title='bbox 1210 1057 1462 1114; x_wconf 82' lang='lat' dir='ltr'>resiliendi,</span> <span class='ocrx_word' id='word_1_86' title='bbox 1491 1060 1656 1104; x_wconf 83' lang='lat' dir='ltr'>certio-</span> 
     </span>
     <span class='ocr_line' id='line_1_12' title="bbox 244 1131 1654 1195; baseline 0.003 -18"><span class='ocrx_word' id='word_1_87' title='bbox 244 1149 343 1177; x_wconf 84' lang='lat' dir='ltr'>rem</span> <span class='ocrx_word' id='word_1_88' title='bbox 377 1132 464 1177; x_wconf 86' lang='lat' dir='ltr'>sibi</span> <span class='ocrx_word' id='word_1_89' title='bbox 498 1133 776 1195; x_wconf 72' lang='lat' dir='ltr'>opinionem</span> <span class='ocrx_word' id='word_1_90' title='bbox 809 1131 1066 1194; x_wconf 84' lang='lat' dir='ltr'>ingerebat.</span> <span class='ocrx_word' id='word_1_91' title='bbox 1105 1135 1197 1177; x_wconf 83' lang='lat' dir='ltr'>Nec</span> <span class='ocrx_word' id='word_1_92' title='bbox 1233 1133 1373 1178; x_wconf 85' lang='lat' dir='ltr'>etiam</span> <span class='ocrx_word' id='word_1_93' title='bbox 1411 1151 1519 1180; x_wconf 89' lang='lat' dir='ltr'>eum</span> <span class='ocrx_word' id='word_1_94' title='bbox 1554 1137 1654 1182; x_wconf 89' lang='lat' dir='ltr'>talis</span> 
     </span>
     <span class='ocr_line' id='line_1_13' title="bbox 246 1208 1655 1274; baseline 0.003 -21"><span class='ocrx_word' id='word_1_95' title='bbox 246 1209 402 1254; x_wconf 86' lang='lat' dir='ltr'>fefellit</span> <span class='ocrx_word' id='word_1_96' title='bbox 438 1209 625 1272; x_wconf 83' lang='lat' dir='ltr'>opinio,</span> <span class='ocrx_word' id='word_1_97' title='bbox 654 1208 1060 1271; x_wconf 80' lang='lat' dir='ltr'>quemadmodum</span> <span class='ocrx_word' id='word_1_98' title='bbox 1095 1225 1181 1254; x_wconf 90' lang='lat' dir='ltr'>suo</span> <span class='ocrx_word' id='word_1_99' title='bbox 1221 1209 1329 1254; x_wconf 92' lang='lat' dir='ltr'>loco</span> <span class='ocrx_word' id='word_1_100' title='bbox 1363 1211 1409 1254; x_wconf 87' lang='lat' dir='ltr'>in</span> <span class='ocrx_word' id='word_1_101' title='bbox 1453 1228 1655 1274; x_wconf 82' lang='lat' dir='ltr'>sequen-</span> 
     </span>
     <span class='ocr_line' id='line_1_14' title="bbox 244 1285 1650 1349; baseline 0.003 -19"><span class='ocrx_word' id='word_1_102' title='bbox 244 1285 367 1330; x_wconf 87' lang='lat' dir='ltr'>tibus</span> <span class='ocrx_word' id='word_1_103' title='bbox 397 1285 679 1330; x_wconf 86' lang='lat' dir='ltr'>luculentius</span> <span class='ocrx_word' id='word_1_104' title='bbox 708 1296 846 1348; x_wconf 85' lang='lat' dir='ltr'>atque</span> <span class='ocrx_word' id='word_1_105' title='bbox 878 1285 1169 1331; x_wconf 87' lang='lat' dir='ltr'>manifestius</span> <span class='ocrx_word' id='word_1_106' title='bbox 1198 1286 1460 1349; x_wconf 75' lang='lat' dir='ltr'>apparebit.</span> <span class='ocrx_word' id='word_1_107' title='bbox 1494 1288 1650 1348; x_wconf 73' lang='lat' dir='ltr'>Unde,</span> 
     </span>
     <span class='ocr_line' id='line_1_15' title="bbox 245 1361 1651 1425; baseline 0.003 -18"><span class='ocrx_word' id='word_1_108' title='bbox 245 1372 469 1425; x_wconf 76' lang='lat' dir='ltr'>tanquam</span> <span class='ocrx_word' id='word_1_109' title='bbox 488 1363 559 1407; x_wconf 90' lang='lat' dir='ltr'>vir</span> <span class='ocrx_word' id='word_1_110' title='bbox 576 1363 766 1423; x_wconf 84' lang='lat' dir='ltr'>ingenio</span> <span class='ocrx_word' id='word_1_111' title='bbox 788 1372 831 1407; x_wconf 84' lang='lat' dir='ltr'>et</span> <span class='ocrx_word' id='word_1_112' title='bbox 851 1361 1101 1425; x_wconf 88' lang='lat' dir='ltr'>prudentia</span> <span class='ocrx_word' id='word_1_113' title='bbox 1120 1364 1362 1425; x_wconf 83' lang='lat' dir='ltr'>insigniter</span> <span class='ocrx_word' id='word_1_114' title='bbox 1384 1365 1651 1425; x_wconf 78' lang='lat' dir='ltr'>instructus,</span> 
     </span>
     <span class='ocr_line' id='line_1_16' title="bbox 244 1439 1651 1502; baseline 0.004 -19"><span class='ocrx_word' id='word_1_115' title='bbox 244 1439 342 1502; x_wconf 87' lang='lat' dir='ltr'>ipse</span> <span class='ocrx_word' id='word_1_116' title='bbox 375 1439 471 1484; x_wconf 82' lang='lat' dir='ltr'>dux</span> <span class='ocrx_word' id='word_1_117' title='bbox 504 1456 557 1484; x_wconf 77' lang='lat' dir='ltr'>ex</span> <span class='ocrx_word' id='word_1_118' title='bbox 592 1439 671 1484; x_wconf 93' lang='lat' dir='ltr'>illo</span> <span class='ocrx_word' id='word_1_119' title='bbox 698 1457 795 1485; x_wconf 88' lang='lat' dir='ltr'>non</span> <span class='ocrx_word' id='word_1_120' title='bbox 822 1440 1019 1485; x_wconf 83' lang='lat' dir='ltr'>cessavit</span> <span class='ocrx_word' id='word_1_121' title='bbox 1045 1439 1103 1485; x_wconf 88' lang='lat' dir='ltr'>ad</span> <span class='ocrx_word' id='word_1_122' title='bbox 1129 1440 1339 1485; x_wconf 87' lang='lat' dir='ltr'>futurum</span> <span class='ocrx_word' id='word_1_123' title='bbox 1364 1441 1543 1487; x_wconf 89' lang='lat' dir='ltr'>bellum</span> <span class='ocrx_word' id='word_1_124' title='bbox 1572 1459 1651 1488; x_wconf 86' lang='lat' dir='ltr'>ne-</span> 
     </span>
     <span class='ocr_line' id='line_1_17' title="bbox 244 1516 1652 1581; baseline 0.004 -20"><span class='ocrx_word' id='word_1_125' title='bbox 244 1517 441 1562; x_wconf 81' lang='lat' dir='ltr'>cessaria</span> <span class='ocrx_word' id='word_1_126' title='bbox 470 1517 722 1580; x_wconf 86' lang='lat' dir='ltr'>adparare,</span> <span class='ocrx_word' id='word_1_127' title='bbox 750 1534 808 1563; x_wconf 87' lang='lat' dir='ltr'>ne</span> <span class='ocrx_word' id='word_1_128' title='bbox 836 1517 988 1563; x_wconf 84' lang='lat' dir='ltr'>verbis</span> <span class='ocrx_word' id='word_1_129' title='bbox 1013 1516 1220 1581; x_wconf 84' lang='lat' dir='ltr'>pacificis</span> <span class='ocrx_word' id='word_1_130' title='bbox 1248 1518 1294 1563; x_wconf 91' lang='lat' dir='ltr'>in</span> <span class='ocrx_word' id='word_1_131' title='bbox 1320 1518 1456 1576; x_wconf 85' lang='lat' dir='ltr'>dolo,</span> <span class='ocrx_word' id='word_1_132' title='bbox 1484 1520 1531 1565; x_wconf 91' lang='lat' dir='ltr'>in</span> <span class='ocrx_word' id='word_1_133' title='bbox 1557 1530 1652 1566; x_wconf 87' lang='lat' dir='ltr'>tor-</span> 
     </span>
     <span class='ocr_line' id='line_1_18' title="bbox 244 1595 1652 1655; baseline 0.004 -17"><span class='ocrx_word' id='word_1_134' title='bbox 244 1609 410 1655; x_wconf 89' lang='lat' dir='ltr'>porem</span> <span class='ocrx_word' id='word_1_135' title='bbox 448 1603 492 1639; x_wconf 85' lang='lat' dir='ltr'>et</span> <span class='ocrx_word' id='word_1_136' title='bbox 525 1595 892 1640; x_wconf 81' lang='lat' dir='ltr'>somnolentiam</span> <span class='ocrx_word' id='word_1_137' title='bbox 930 1595 1190 1650; x_wconf 87' lang='lat' dir='ltr'>resolutus,</span> <span class='ocrx_word' id='word_1_138' title='bbox 1236 1612 1345 1641; x_wconf 91' lang='lat' dir='ltr'>cum</span> <span class='ocrx_word' id='word_1_139' title='bbox 1386 1613 1494 1642; x_wconf 87' lang='lat' dir='ltr'>eum</span> <span class='ocrx_word' id='word_1_140' title='bbox 1527 1596 1652 1643; x_wconf 91' lang='lat' dir='ltr'>bello</span> 
     </span>
     <span class='ocr_line' id='line_1_19' title="bbox 245 1671 1652 1738; baseline 0.004 -23"><span class='ocrx_word' id='word_1_141' title='bbox 245 1681 435 1733; x_wconf 87' lang='lat' dir='ltr'>repente</span> <span class='ocrx_word' id='word_1_142' title='bbox 458 1671 722 1717; x_wconf 84' lang='lat' dir='ltr'>adoriretur</span> <span class='ocrx_word' id='word_1_143' title='bbox 745 1672 978 1730; x_wconf 89' lang='lat' dir='ltr'>inimicus,</span> <span class='ocrx_word' id='word_1_144' title='bbox 1007 1673 1322 1736; x_wconf 81' lang='lat' dir='ltr'>improvisum</span> <span class='ocrx_word' id='word_1_145' title='bbox 1345 1683 1486 1737; x_wconf 88' lang='lat' dir='ltr'>atque</span> <span class='ocrx_word' id='word_1_146' title='bbox 1508 1675 1652 1738; x_wconf 88' lang='lat' dir='ltr'>impa-</span> 
     </span>
     <span class='ocr_line' id='line_1_20' title="bbox 244 1748 852 1811; baseline 0.002 -19"><span class='ocrx_word' id='word_1_147' title='bbox 244 1757 395 1794; x_wconf 87' lang='lat' dir='ltr'>ratum</span> <span class='ocrx_word' id='word_1_148' title='bbox 421 1748 553 1794; x_wconf 84' lang='lat' dir='ltr'>facile</span> <span class='ocrx_word' id='word_1_149' title='bbox 575 1751 852 1811; x_wconf 87' lang='lat' dir='ltr'>superaret¹.</span> 
     </span>
    </p>
   </div>
   <div class='ocr_carea' id='block_1_3' title="bbox 242 1915 1656 2791">
    <p class='ocr_par' dir='ltr' id='par_1_3' title="bbox 242 1915 1656 2791">
     <span class='ocr_line' id='line_1_21' title="bbox 298 1915 1653 1967; baseline 0.003 -16"><span class='ocrx_word' id='word_1_150' title='bbox 298 1918 332 1951; x_wconf 81' lang='grc'>1.</span> <span class='ocrx_word' id='word_1_151' title='bbox 367 1916 394 1953; x_wconf 94' lang='lat' dir='ltr'>Il</span> <span class='ocrx_word' id='word_1_152' title='bbox 417 1929 464 1953; x_wconf 90' lang='lat' dir='ltr'>ne</span> <span class='ocrx_word' id='word_1_153' title='bbox 488 1930 526 1952; x_wconf 87' lang='lat' dir='ltr'>se</span> <span class='ocrx_word' id='word_1_154' title='bbox 552 1916 671 1952; x_wconf 86' lang='lat' dir='ltr'>borna</span> <span class='ocrx_word' id='word_1_155' title='bbox 699 1929 763 1966; x_wconf 86' lang='lat' dir='ltr'>pas</span> <span class='ocrx_word' id='word_1_156' title='bbox 788 1918 806 1951; x_wconf 74' lang='lat' dir='ltr'>a</span> <span class='ocrx_word' id='word_1_157' title='bbox 831 1915 878 1952; x_wconf 87' lang='lat' dir='ltr'>de</span> <span class='ocrx_word' id='word_1_158' title='bbox 899 1916 1051 1966; x_wconf 86' lang='lat' dir='ltr'>simples</span> <span class='ocrx_word' id='word_1_159' title='bbox 1074 1917 1337 1967; x_wconf 67' lang='lat' dir='ltr'>piecautions,</span> <span class='ocrx_word' id='word_1_160' title='bbox 1361 1917 1455 1954; x_wconf 89' lang='lat' dir='ltr'>mais</span> <span class='ocrx_word' id='word_1_161' title='bbox 1479 1919 1653 1956; x_wconf 86' lang='lat' dir='ltr'>travailla</span> 
     </span>
     <span class='ocr_line' id='line_1_22' title="bbox 243 1975 1652 2027; baseline 0.003 -16"><span class='ocrx_word' id='word_1_162' title='bbox 243 1977 260 2011; x_wconf 72' lang='grc' dir='ltr'>ἒ]</span> <span class='ocrx_word' id='word_1_163' title='bbox 285 1988 463 2021; x_wconf 78' lang='lat' dir='ltr'>renouer,</span> <span class='ocrx_word' id='word_1_164' title='bbox 485 1989 577 2012; x_wconf 75' lang='lat' dir='ltr'>avec</span> <span class='ocrx_word' id='word_1_165' title='bbox 595 1976 628 2011; x_wconf 89' lang='lat' dir='ltr'>le</span> <span class='ocrx_word' id='word_1_166' title='bbox 646 1989 799 2012; x_wconf 88' lang='lat' dir='ltr'>secours</span> <span class='ocrx_word' id='word_1_167' title='bbox 815 1975 862 2012; x_wconf 79' lang='lat' dir='ltr'>(le</span> <span class='ocrx_word' id='word_1_168' title='bbox 881 1975 1150 2027; x_wconf 73' lang='lat' dir='ltr'>l’Angleterre,</span> <span class='ocrx_word' id='word_1_169' title='bbox 1171 1976 1207 2012; x_wconf 87' lang='lat' dir='ltr'>la</span> <span class='ocrx_word' id='word_1_170' title='bbox 1227 1976 1404 2012; x_wconf 84' lang='lat' dir='ltr'>coalition</span> <span class='ocrx_word' id='word_1_171' title='bbox 1424 1976 1487 2013; x_wconf 84' lang='lat' dir='ltr'>des</span> <span class='ocrx_word' id='word_1_172' title='bbox 1502 1978 1652 2027; x_wconf 85' lang='lat' dir='ltr'>princes</span> 
     </span>
     <span class='ocr_line' id='line_1_23' title="bbox 243 2035 1649 2087; baseline 0.003 -17"><span class='ocrx_word' id='word_1_173' title='bbox 243 2035 424 2083; x_wconf 70' lang='lat' dir='ltr'>srancais,</span> <span class='ocrx_word' id='word_1_174' title='bbox 452 2048 525 2084; x_wconf 91' lang='lat' dir='ltr'>que</span> <span class='ocrx_word' id='word_1_175' title='bbox 552 2035 667 2071; x_wconf 89' lang='lat' dir='ltr'>Balue</span> <span class='ocrx_word' id='word_1_176' title='bbox 691 2036 791 2072; x_wconf 84' lang='lat' dir='ltr'>avait</span> <span class='ocrx_word' id='word_1_177' title='bbox 817 2049 863 2072; x_wconf 83' lang='lat' dir='ltr'>eu</span> <span class='ocrx_word' id='word_1_178' title='bbox 891 2039 924 2072; x_wconf 75' lang='lat' dir='ltr'>la</span> <span class='ocrx_word' id='word_1_179' title='bbox 951 2035 1180 2072; x_wconf 85' lang='lat' dir='ltr'>maladresse</span> <span class='ocrx_word' id='word_1_180' title='bbox 1204 2036 1251 2072; x_wconf 88' lang='lat' dir='ltr'>de</span> <span class='ocrx_word' id='word_1_181' title='bbox 1273 2036 1405 2072; x_wconf 86' lang='lat' dir='ltr'>laisser</span> <span class='ocrx_word' id='word_1_182' title='bbox 1427 2037 1649 2087; x_wconf 85' lang='lat' dir='ltr'>transpirer.</span> 
     </span>
     <span class='ocr_line' id='line_1_24' title="bbox 243 2094 1651 2147; baseline 0.001 -16"><span class='ocrx_word' id='word_1_183' title='bbox 243 2097 345 2131; x_wconf 89' lang='lat' dir='ltr'>Pour</span> <span class='ocrx_word' id='word_1_184' title='bbox 372 2108 632 2140; x_wconf 71' lang='lat' dir='ltr'>commences,</span> <span class='ocrx_word' id='word_1_185' title='bbox 663 2095 697 2131; x_wconf 87' lang='lat' dir='ltr'>le</span> <span class='ocrx_word' id='word_1_186' title='bbox 730 2095 828 2131; x_wconf 75' lang='lat' dir='ltr'>frere</span> <span class='ocrx_word' id='word_1_187' title='bbox 860 2094 911 2131; x_wconf 84' lang='lat' dir='ltr'>dn</span> <span class='ocrx_word' id='word_1_188' title='bbox 944 2095 1000 2131; x_wconf 91' lang='lat' dir='ltr'>roi</span> <span class='ocrx_word' id='word_1_189' title='bbox 1036 2094 1163 2131; x_wconf 82' lang='lat' dir='ltr'>devait</span> <span class='ocrx_word' id='word_1_190' title='bbox 1196 2095 1361 2147; x_wconf 78' lang='lat' dir='ltr'>emigrer</span> <span class='ocrx_word' id='word_1_191' title='bbox 1391 2097 1529 2145; x_wconf 77' lang='lat' dir='ltr'>aupres</span> <span class='ocrx_word' id='word_1_192' title='bbox 1561 2096 1651 2133; x_wconf 78' lang='lat' dir='ltr'>d&#39;E-</span> 
     </span>
     <span class='ocr_line' id='line_1_25' title="bbox 243 2153 1653 2206; baseline 0.003 -17"><span class='ocrx_word' id='word_1_193' title='bbox 243 2153 388 2190; x_wconf 81' lang='lat' dir='ltr'>douard</span> <span class='ocrx_word' id='word_1_194' title='bbox 410 2155 472 2190; x_wconf 91' lang='lat' dir='ltr'>IV.</span> <span class='ocrx_word' id='word_1_195' title='bbox 500 2154 613 2190; x_wconf 86' lang='lat' dir='ltr'>Louis</span> <span class='ocrx_word' id='word_1_196' title='bbox 639 2157 695 2190; x_wconf 74' lang='lat' dir='ltr'>XI</span> <span class='ocrx_word' id='word_1_197' title='bbox 720 2155 872 2204; x_wconf 79' lang='lat' dir='ltr'>parvint</span> <span class='ocrx_word' id='word_1_198' title='bbox 901 2156 919 2190; x_wconf 69' lang='lat' dir='ltr'>a</span> <span class='ocrx_word' id='word_1_199' title='bbox 945 2167 1119 2190; x_wconf 84' lang='lat' dir='ltr'>ramener</span> <span class='ocrx_word' id='word_1_200' title='bbox 1146 2155 1180 2191; x_wconf 91' lang='lat' dir='ltr'>le</span> <span class='ocrx_word' id='word_1_201' title='bbox 1202 2153 1317 2200; x_wconf 86' lang='lat' dir='ltr'>jeune</span> <span class='ocrx_word' id='word_1_202' title='bbox 1345 2154 1474 2205; x_wconf 82' lang='lat' dir='ltr'>princc</span> <span class='ocrx_word' id='word_1_203' title='bbox 1500 2155 1653 2206; x_wconf 87' lang='lat' dir='ltr'>lorsque</span> 
     </span>
     <span class='ocr_line' id='line_1_26' title="bbox 243 2212 1653 2263; baseline 0.003 -15"><span class='ocrx_word' id='word_1_204' title='bbox 243 2212 325 2259; x_wconf 63' lang='lat' dir='ltr'>dcja</span> <span class='ocrx_word' id='word_1_205' title='bbox 352 2213 376 2249; x_wconf 91' lang='lat' dir='ltr'>il</span> <span class='ocrx_word' id='word_1_206' title='bbox 404 2213 493 2249; x_wconf 72' lang='lat' dir='ltr'>ctait</span> <span class='ocrx_word' id='word_1_207' title='bbox 513 2214 615 2250; x_wconf 87' lang='lat' dir='ltr'>nanti</span> <span class='ocrx_word' id='word_1_208' title='bbox 637 2214 727 2250; x_wconf 80' lang='lat' dir='ltr'>‹l’un</span> <span class='ocrx_word' id='word_1_209' title='bbox 751 2213 1014 2251; x_wconf 83' lang='lat' dir='ltr'>saus-conduit</span> <span class='ocrx_word' id='word_1_210' title='bbox 1041 2227 1138 2263; x_wconf 86' lang='lat' dir='ltr'>pour</span> <span class='ocrx_word' id='word_1_211' title='bbox 1161 2214 1339 2251; x_wconf 78' lang='lat' dir='ltr'>executer</span> <span class='ocrx_word' id='word_1_212' title='bbox 1359 2228 1398 2251; x_wconf 85' lang='lat' dir='ltr'>sa</span> <span class='ocrx_word' id='word_1_213' title='bbox 1419 2214 1525 2251; x_wconf 85' lang='lat' dir='ltr'>suite.</span> <span class='ocrx_word' id='word_1_214' title='bbox 1549 2217 1653 2253; x_wconf 86' lang='lat' dir='ltr'>Cette</span> 
     </span>
     <span class='ocr_line' id='line_1_27' title="bbox 242 2273 1651 2324; baseline 0.003 -16"><span class='ocrx_word' id='word_1_215' title='bbox 242 2273 348 2322; x_wconf 64' lang='lat' dir='ltr'>pic-ce</span> <span class='ocrx_word' id='word_1_216' title='bbox 373 2281 449 2308; x_wconf 89' lang='lat' dir='ltr'>met</span> <span class='ocrx_word' id='word_1_217' title='bbox 476 2275 494 2308; x_wconf 76' lang='lat' dir='ltr'>a</span> <span class='ocrx_word' id='word_1_218' title='bbox 521 2273 727 2310; x_wconf 69' lang='lat' dir='ltr'>doscouvert</span> <span class='ocrx_word' id='word_1_219' title='bbox 754 2274 788 2310; x_wconf 79' lang='lat' dir='ltr'>le</span> <span class='ocrx_word' id='word_1_220' title='bbox 811 2274 891 2310; x_wconf 72' lang='lat' dir='ltr'>role</span> <span class='ocrx_word' id='word_1_221' title='bbox 920 2273 970 2309; x_wconf 83' lang='lat' dir='ltr'>(lu</span> <span class='ocrx_word' id='word_1_222' title='bbox 993 2273 1065 2310; x_wconf 85' lang='lat' dir='ltr'>duc</span> <span class='ocrx_word' id='word_1_223' title='bbox 1091 2273 1137 2309; x_wconf 91' lang='lat' dir='ltr'>de</span> <span class='ocrx_word' id='word_1_224' title='bbox 1161 2276 1388 2324; x_wconf 80' lang='lat' dir='ltr'>Bourgogne</span> <span class='ocrx_word' id='word_1_225' title='bbox 1411 2289 1418 2309; x_wconf 90' lang='lat'>:</span> <span class='ocrx_word' id='word_1_226' title='bbox 1447 2291 1462 2305; x_wconf 90' lang='lat'>«</span> <span class='ocrx_word' id='word_1_227' title='bbox 1487 2273 1651 2312; x_wconf 68' lang='lat' dir='ltr'>Obtentu</span> 
     </span>
     <span class='ocr_line' id='line_1_28' title="bbox 244 2331 1650 2383; baseline 0.004 -16"><span class='ocrx_word' id='word_1_228' title='bbox 244 2344 286 2367; x_wconf 87' lang='lat' dir='ltr'>ac</span> <span class='ocrx_word' id='word_1_229' title='bbox 317 2331 447 2367; x_wconf 85' lang='lat' dir='ltr'>favore</span> <span class='ocrx_word' id='word_1_230' title='bbox 475 2331 717 2369; x_wconf 63' lang='lat' dir='ltr'>illustrissimi</span> <span class='ocrx_word' id='word_1_231' title='bbox 748 2333 928 2383; x_wconf 87' lang='lat' dir='ltr'>principis</span> <span class='ocrx_word' id='word_1_232' title='bbox 960 2333 1064 2369; x_wconf 78' lang='lat' dir='ltr'>(lucis</span> <span class='ocrx_word' id='word_1_233' title='bbox 1091 2333 1319 2383; x_wconf 76' lang='lat' dir='ltr'>Burgundiae</span> <span class='ocrx_word' id='word_1_234' title='bbox 1350 2342 1386 2370; x_wconf 89' lang='lat' dir='ltr'>et</span> <span class='ocrx_word' id='word_1_235' title='bbox 1416 2334 1650 2381; x_wconf 88' lang='lat' dir='ltr'>Brabantiae,</span> 
     </span>
     <span class='ocr_line' id='line_1_29' title="bbox 244 2390 1654 2441; baseline 0.004 -15"><span class='ocrx_word' id='word_1_236' title='bbox 244 2390 376 2426; x_wconf 87' lang='lat' dir='ltr'>sororii</span> <span class='ocrx_word' id='word_1_237' title='bbox 397 2390 515 2426; x_wconf 77' lang='lat' dir='ltr'>nostri</span> <span class='ocrx_word' id='word_1_238' title='bbox 530 2420 538 2435; x_wconf 84' lang='lat'>‚</span> <span class='ocrx_word' id='word_1_239' title='bbox 561 2392 796 2441; x_wconf 67' lang='lat' dir='ltr'>suscepimus</span> <span class='ocrx_word' id='word_1_240' title='bbox 819 2394 857 2428; x_wconf 89' lang='lat' dir='ltr'>in</span> <span class='ocrx_word' id='word_1_241' title='bbox 882 2392 1023 2429; x_wconf 87' lang='lat' dir='ltr'>bonum</span> <span class='ocrx_word' id='word_1_242' title='bbox 1038 2423 1045 2433; x_wconf 81' lang='grc'><strong>.</strong></span> <span class='ocrx_word' id='word_1_243' title='bbox 1068 2406 1241 2430; x_wconf 88' lang='lat' dir='ltr'>securum</span> <span class='ocrx_word' id='word_1_244' title='bbox 1264 2402 1300 2430; x_wconf 89' lang='lat' dir='ltr'>et</span> <span class='ocrx_word' id='word_1_245' title='bbox 1319 2394 1466 2431; x_wconf 79' lang='lat' dir='ltr'>salvum</span> <span class='ocrx_word' id='word_1_246' title='bbox 1487 2394 1654 2431; x_wconf 88' lang='lat' dir='ltr'>conduc-</span> 
     </span>
     <span class='ocr_line' id='line_1_30' title="bbox 244 2450 1656 2501; baseline 0.005 -18"><span class='ocrx_word' id='word_1_247' title='bbox 244 2455 320 2483; x_wconf 87' lang='lat' dir='ltr'>tum</span> <span class='ocrx_word' id='word_1_248' title='bbox 340 2457 527 2493; x_wconf 85' lang='lat' dir='ltr'>nostrum,</span> <span class='ocrx_word' id='word_1_249' title='bbox 550 2450 798 2487; x_wconf 83' lang='lat' dir='ltr'>clarissimum</span> <span class='ocrx_word' id='word_1_250' title='bbox 819 2451 1026 2501; x_wconf 79' lang='lat' dir='ltr'>principem</span> <span class='ocrx_word' id='word_1_251' title='bbox 1048 2452 1234 2488; x_wconf 88' lang='lat' dir='ltr'>Karolum</span> <span class='ocrx_word' id='word_1_252' title='bbox 1257 2452 1303 2489; x_wconf 89' lang='lat' dir='ltr'>de</span> <span class='ocrx_word' id='word_1_253' title='bbox 1323 2453 1496 2499; x_wconf 81' lang='lat' dir='ltr'>Francia,</span> <span class='ocrx_word' id='word_1_254' title='bbox 1519 2453 1656 2490; x_wconf 84' lang='lat' dir='ltr'>adver-</span> 
     </span>
     <span class='ocr_line' id='line_1_31' title="bbox 243 2508 1651 2562; baseline 0.005 -20"><span class='ocrx_word' id='word_1_255' title='bbox 243 2508 330 2543; x_wconf 87' lang='lat' dir='ltr'>sarii</span> <span class='ocrx_word' id='word_1_256' title='bbox 354 2508 471 2544; x_wconf 85' lang='lat' dir='ltr'>nostri</span> <span class='ocrx_word' id='word_1_257' title='bbox 496 2509 661 2545; x_wconf 78' lang='lat' dir='ltr'>Franciae</span> <span class='ocrx_word' id='word_1_258' title='bbox 687 2510 839 2547; x_wconf 81' lang='lat' dir='ltr'>fratrem</span> <span class='ocrx_word' id='word_1_259' title='bbox 864 2523 1106 2560; x_wconf 80' lang='lat' dir='ltr'>germanum,</span> <span class='ocrx_word' id='word_1_260' title='bbox 1130 2511 1167 2547; x_wconf 89' lang='lat' dir='ltr'>in</span> <span class='ocrx_word' id='word_1_261' title='bbox 1190 2525 1350 2562; x_wconf 83' lang='lat' dir='ltr'>regnum</span> <span class='ocrx_word' id='word_1_262' title='bbox 1374 2521 1544 2549; x_wconf 86' lang='lat' dir='ltr'>nostrum</span> <span class='ocrx_word' id='word_1_263' title='bbox 1570 2516 1651 2549; x_wconf 80' lang='lat' dir='ltr'>An-</span> 
     </span>
     <span class='ocr_line' id='line_1_32' title="bbox 243 2566 1655 2618; baseline 0.004 -16"><span class='ocrx_word' id='word_1_264' title='bbox 243 2566 327 2617; x_wconf 66' lang='lat' dir='ltr'>gliae</span> <span class='ocrx_word' id='word_1_265' title='bbox 342 2596 350 2611; x_wconf 87' lang='lat'>‚</span> <span class='ocrx_word' id='word_1_266' title='bbox 374 2575 444 2603; x_wconf 76' lang='lat' dir='ltr'>cte.</span> <span class='ocrx_word' id='word_1_267' title='bbox 473 2585 489 2600; x_wconf 73' lang='lat' dir='ltr'>u</span> <span class='ocrx_word' id='word_1_268' title='bbox 513 2571 688 2617; x_wconf 67' lang='lat' dir='ltr'>(Ryincr.</span> <span class='ocrx_word' id='word_1_269' title='bbox 715 2571 888 2616; x_wconf 73' lang='lat' dir='ltr'>Foedera,</span> <span class='ocrx_word' id='word_1_270' title='bbox 912 2577 938 2606; x_wconf 78' lang='lat' dir='ltr'>t.</span> <span class='ocrx_word' id='word_1_271' title='bbox 961 2570 1015 2605; x_wconf 83' lang='lat' dir='ltr'>XI</span> <span class='ocrx_word' id='word_1_272' title='bbox 1031 2598 1039 2614; x_wconf 85' lang='lat'>,</span> <span class='ocrx_word' id='word_1_273' title='bbox 1064 2582 1100 2618; x_wconf 89' lang='lat' dir='ltr'>p.</span> <span class='ocrx_word' id='word_1_274' title='bbox 1123 2571 1228 2617; x_wconf 73' lang='lat'>(345).</span> <span class='ocrx_word' id='word_1_275' title='bbox 1251 2572 1301 2607; x_wconf 85' lang='lat' dir='ltr'>Ce</span> <span class='ocrx_word' id='word_1_276' title='bbox 1321 2570 1580 2607; x_wconf 73' lang='lat' dir='ltr'>saus-conduit</span> <span class='ocrx_word' id='word_1_277' title='bbox 1600 2580 1655 2608; x_wconf 88' lang='lat' dir='ltr'>est</span> 
     </span>
     <span class='ocr_line' id='line_1_33' title="bbox 243 2625 1650 2680; baseline 0.005 -20"><span class='ocrx_word' id='word_1_278' title='bbox 243 2625 292 2661; x_wconf 88' lang='lat' dir='ltr'>du</span> <span class='ocrx_word' id='word_1_279' title='bbox 316 2627 337 2661; x_wconf 79' lang='lat' dir='ltr'>ss</span> <span class='ocrx_word' id='word_1_280' title='bbox 363 2626 437 2662; x_wconf 84' lang='lat' dir='ltr'>mai</span> <span class='ocrx_word' id='word_1_281' title='bbox 460 2629 583 2672; x_wconf 70' lang='lat'>1-4693</span> <span class='ocrx_word' id='word_1_282' title='bbox 606 2636 641 2664; x_wconf 88' lang='lat' dir='ltr'>et</span> <span class='ocrx_word' id='word_1_283' title='bbox 664 2628 780 2665; x_wconf 87' lang='lat' dir='ltr'>Balue</span> <span class='ocrx_word' id='word_1_284' title='bbox 801 2629 904 2665; x_wconf 86' lang='lat' dir='ltr'>avait</span> <span class='ocrx_word' id='word_1_285' title='bbox 929 2628 988 2665; x_wconf 77' lang='lat' dir='ltr'>e&#39;tc</span> <span class='ocrx_word' id='word_1_286' title='bbox 1017 2629 1141 2666; x_wconf 59' lang='lat' dir='ltr'>arrd-tc</span> <span class='ocrx_word' id='word_1_287' title='bbox 1168 2629 1206 2666; x_wconf 89' lang='lat' dir='ltr'>le</span> <span class='ocrx_word' id='word_1_288' title='bbox 1233 2631 1282 2665; x_wconf 77' lang='lat'>23</span> <span class='ocrx_word' id='word_1_289' title='bbox 1308 2629 1402 2666; x_wconf 77' lang='lat' dir='ltr'>avril</span> <span class='ocrx_word' id='word_1_290' title='bbox 1432 2629 1650 2680; x_wconf 75' lang='lat' dir='ltr'>precedent.</span> 
     </span>
     <span class='ocr_line' id='line_1_34' title="bbox 242 2685 1650 2738; baseline 0.004 -19"><span class='ocrx_word' id='word_1_291' title='bbox 242 2687 294 2720; x_wconf 88' lang='lat' dir='ltr'>La</span> <span class='ocrx_word' id='word_1_292' title='bbox 325 2685 557 2722; x_wconf 86' lang='lat' dir='ltr'>connivence</span> <span class='ocrx_word' id='word_1_293' title='bbox 587 2686 730 2723; x_wconf 86' lang='lat' dir='ltr'>duduc</span> <span class='ocrx_word' id='word_1_294' title='bbox 753 2701 845 2724; x_wconf 87' lang='lat' dir='ltr'>avec</span> <span class='ocrx_word' id='word_1_295' title='bbox 873 2688 908 2724; x_wconf 88' lang='lat' dir='ltr'>le</span> <span class='ocrx_word' id='word_1_296' title='bbox 939 2687 1108 2724; x_wconf 87' lang='lat' dir='ltr'>cardinal</span> <span class='ocrx_word' id='word_1_297' title='bbox 1141 2696 1195 2725; x_wconf 84' lang='lat' dir='ltr'>est</span> <span class='ocrx_word' id='word_1_298' title='bbox 1230 2689 1399 2738; x_wconf 78' lang='lat' dir='ltr'>prouvee</span> <span class='ocrx_word' id='word_1_299' title='bbox 1419 2702 1487 2738; x_wconf 89' lang='lat' dir='ltr'>par</span> <span class='ocrx_word' id='word_1_300' title='bbox 1507 2702 1549 2726; x_wconf 90' lang='lat' dir='ltr'>ce</span> <span class='ocrx_word' id='word_1_301' title='bbox 1573 2690 1650 2726; x_wconf 75' lang='lat' dir='ltr'>seul</span> 
     </span>
     <span class='ocr_line' id='line_1_35' title="bbox 245 2743 575 2791; baseline 0.009 -14"><span class='ocrx_word' id='word_1_302' title='bbox 245 2743 575 2791; x_wconf 83' lang='lat' dir='ltr'>rapprochement.</span> 
     </span>
    </p>
   </div>
  </div>
 </body>
</html>
