1923 3020
710 203 853 238 LIBER
881 203 1120 248 QUARTUS.
1538 206 1606 241 321

662 418 730 461 CA
741 419 868 463 PITU
877 420 999 463 LUM
1034 420 1152 463 VIII.

210 551 399 596 Quomodo
423 559 501 597 post
518 553 754 598 conquisitum
776 555 928 589 Geldriae
947 556 1018 590 (lux
1041 557 1252 603 Burgundiae
1271 558 1514 605 imperatorem
1537 559 1622 592 Tre-

257 605 364 640 verim
381 603 566 638 adventare
584 606 676 648 fecit,
695 606 877 652 adspirans
893 608 936 641 ad
958 610 1070 655 regale
1087 611 1276 658 fastigium,
1294 620 1325 646 et
1342 613 1384 646 ab
1400 612 1475 658 ipso
1493 612 1535 645 de
1553 610 1620 644 du-

256 666 333 693 catu
350 656 501 692 Geldriae
517 659 707 692 solemnem
723 660 959 696 investituram
976 663 1108 709 accepit
1124 664 1148 696 ¹.

272 786 550 850 Adspirabat
573 786 768 849 quidem
794 795 930 846 tunc,
971 788 1112 834 rebus
1147 790 1295 836 elatus
1329 793 1547 840 secundis
1577 804 1622 840 et

211 862 297 909 sibi
324 864 431 909 satis
456 863 694 909 arridente
719 863 929 921 fortuna,
960 864 1019 909 ad
1047 865 1267 912 diadema
1289 869 1441 930 regale
1465 870 1621 916 liono-

210 956 406 1003 remque
442 957 496 986 ac
527 940 716 985 titulum
743 941 925 1001 regium
950 941 1293 1003 acquirendum
1325 964 1335 989 :
1368 962 1462 1009 quo
1487 947 1620 993 titulo

212 1016 324 1062 olim
349 1032 566 1078 regnasse
591 1016 748 1080 plures
781 1015 1174 1078 Burgundionum
1200 1019 1456 1083 principes,
1482 1024 1621 1069 etiam

210 1108 237 1138 a
259 1103 473 1157 tempore
507 1110 602 1155 quo
629 1109 761 1154 reges
792 1095 1081 1138 Francorum
1108 1110 1206 1139 esse
1236 1108 1507 1159 coeperunt,
1535 1101 1620 1145 mi-

210 1171 337 1217 nime
359 1171 555 1217 dubium
581 1181 647 1216 est
664 1173 692 1216 ².
726 1169 795 1215 Ad
818 1170 1092 1232 hujusmodi
1116 1180 1274 1216 autem
1302 1173 1522 1235 cupiebat
1543 1191 1621 1220 su-

209 1247 395 1295 blimari
439 1249 674 1310 dignitatis
712 1247 946 1310 fastigium
985 1249 1263 1294 auctoritate
1300 1251 1620 1297 Romanorum

209 1327 524 1390 imperatoriS,
552 1327 632 1389 qui
659 1322 784 1371 tunc*
802 1337 902 1372 erat
936 1327 1240 1386 Fridericusss,
1268 1328 1363 1374 (lux
1400 1331 1617 1389 Austriae,

208 1413 349 1466 atque
386 1405 634 1468 imperium
671 1420 754 1467 per
793 1420 944 1450 annos
984 1405 1214 1468 plurimos
1252 1406 1618 1454 administrarat.

209 1481 350 1542 Cujus
370 1482 440 1526 sui
464 1480 685 1526 desiderii
714 1491 760 1526 et
790 1482 1031 1544 concupiti
1054 1481 1252 1527 honoris
1274 1483 1494 1546 potiundi
1520 1500 1621 1546 gra-

208 1557 294 1617 tia,
323 1558 546 1604 eumdem
578 1559 917 1621 imperatorem
942 1558 1196 1606 adventare
1225 1561 1285 1607 ad
1314 1562 1483 1608 urbem
1512 1565 1621 1609 Tre-

208 1649 432 1680 verorum
453 1651 552 1680 non
569 1651 716 1698 parvo
740 1645 930 1699 sumptu
951 1637 1239 1699 procuravit.

275 1711 344 1757 Ad
369 1727 512 1773 quam
533 1728 644 1757 curn
675 1712 972 1758 adventasset
994 1730 1104 1758 cum
1136 1715 1245 1759 satis
1272 1714 1439 1761 humili
1471 1726 1617 1776 statu,

208 1804 296 1851 pro
321 1798 455 1834 tanto
482 1788 664 1850 fastigio
696 1789 962 1851 dignitatis,
991 1790 1201 1836 secundo
1225 1801 1333 1855 post
1369 1802 1449 1837 aut
1482 1794 1620 1839 tertio

207 1865 283 1911 die
306 1867 480 1929 pariter
503 1867 644 1912 etiam
666 1866 745 1912 illo
771 1867 1039 1913 adventavit
1060 1869 1448 1929 Burgundionum
1476 1871 1571 1916 dux
1588 1872 1617 1931 ⁴,

207 1960 317 1989 cum
339 1953 471 1989 tanto
498 1954 543 1989 et
563 1954 656 1989 tam
682 1943 831 1990 nobili
856 1945 1109 2003 comitatu,
1137 1955 1180 1990 et
1203 1962 1312 1991 cum
1335 1957 1464 1994 tanta
1490 1950 1623 1995 vesti-

207 2032 502 2080 mentorum,
539 2039 783 2068 armorum
821 2033 866 2068 et
896 2033 1288 2070 ornamentorum
1312 2042 1514 2090 pompa,
1543 2037 1616 2088 ut,

207 2099 373 2162 procul
409 2099 580 2157 dubio,
622 2100 669 2144 in
722 2110 845 2146 statu
884 2110 930 2144 et
971 2111 1200 2162 apparatu
1241 2119 1327 2148 suo
1371 2105 1620 2166 augustalis

207 2178 364 2240 potius
404 2177 619 2239 majestas
663 2187 709 2222 et
748 2176 1097 2240 magnificentia
1129 2178 1318 2226 illucere
1359 2196 1413 2227 ac
1455 2198 1620 2247 super-

264 2335 296 2368 1.
329 2330 505 2380 Chapitre
526 2330 702 2381 imprime
720 2330 813 2368 dans
829 2331 1100 2379 l'Amplissima
1114 2336 1293 2380 collectio,
1311 2343 1337 2372 t.
1358 2338 1423 2385 lv,
1439 2337 1614 2377 col.767.

261 2392 296 2426 2.
329 2392 380 2425 Le
401 2402 584 2438 royaume
606 2389 651 2425 de
672 2392 920 2440 Bourgogne‚
946 2391 1137 2440 plusieurs
1159 2393 1228 2429 fois
1252 2393 1369 2432 defait
1390 2404 1425 2432 et
1448 2397 1572 2444 refait,
1596 2413 1616 2436 a

205 2447 300 2485 dure
321 2448 456 2498 depuis
476 2448 707 2497 l'empereur
727 2449 919 2486 Honorius
938 2449 1118 2500 jusqu’en
1140 2453 1257 2490 1032.

260 2510 296 2544 3.
329 2507 506 2544 Frederic
531 2509 593 2544 IV.

259 2570 294 2606 4.
329 2571 578 2617 L'empereur
603 2567 731 2604 arriva
749 2570 769 2604 ἐι
787 2569 928 2605 Treves
960 2569 994 2606 le
1018 2571 1066 2607 29
1088 2570 1303 2621 septembre
1325 2574 1440 2611 1473.
1464 2578 1515 2614 Le
1541 2578 1615 2615 duc

206 2626 286 2663 vint
315 2627 480 2677 prendre
504 2626 600 2677 logis
632 2626 666 2662 le
698 2628 751 2662 ier
784 2627 938 2665 octobre
961 2630 980 2664 a
1015 2628 1191 2679 l⁷abbaye
1221 2630 1268 2668 de
1293 2632 1615 2674 Saint-Maximin

205 2685 292 2722 hors
316 2685 363 2723 de
386 2686 419 2722 la
440 2685 545 2730 ville,
570 2685 665 2722 ainsi
685 2698 759 2735 que
780 2686 944 2723 l'auteur
963 2688 997 2724 le
1018 2687 1072 2724 dit
1095 2689 1179 2738 plus
1199 2689 1292 2730 loin.

416 2770 447 2792 11
1352 2766 1394 2800 21
