1923 3020
260 252 334 287 214
626 250 960 284 HISTORIARUM
988 251 1220 287 LUDOVICI
1249 254 1301 287 XI

697 444 1029 488 CAPITULUM
1065 447 1226 489 XXVI.

256 583 305 614 De
325 578 613 613 reconciliatione
630 578 746 611 Caroli
765 591 844 611 cum
866 578 1049 612 Ludovico
1064 593 1156 625 rege,
1177 593 1342 626 germano
1360 594 1437 624 suc),
1456 595 1496 616 ex
1510 595 1576 627 qua
1594 582 1664 616 du·

302 642 416 667 catum
445 632 639 677 Aquitania:
652 658 660 673 ‚
681 632 919 665 renuntiando
939 632 1081 666 ducatui
1100 634 1341 679 Normanniae,
1364 647 1429 681 pro
1448 635 1665 669 hoereditaria

303 687 466 733 portione
482 686 630 730 acecpit.

321 811 495 853 Verum
527 807 661 869 quia,
693 823 787 869 prae
812 807 988 852 caeteris
1013 806 1256 866 omnibus,
1283 823 1363 853 rex
1387 824 1664 869 germanum

256 903 394 932 suum
416 885 618 931 maxime
639 883 894 943 metuebat,
921 885 1071 930 sciens
1093 900 1201 929 eum
1223 895 1416 947 propter
1433 886 1665 948 egregiam

255 963 466 1009 indolem
512 979 646 1008 suam
693 978 946 1024 moresque
987 962 1219 1024 benignos
1265 963 1392 1025 apud
1437 963 1665 1025 plurimos

257 1058 339 1105 per
370 1051 523 1086 totum
555 1056 754 1101 regnum
783 1056 979 1100 magnos
1003 1039 1179 1084 habere
1206 1039 1411 1094 favores,
1440 1057 1666 1102 magnum

255 1128 483 1164 conatum
518 1117 747 1180 impendit
771 1117 829 1162 ad
853 1116 945 1161 hoc
968 1126 1013 1160 ut
1040 1133 1147 1161 eum
1169 1116 1228 1160 ad
1251 1132 1315 1172 se,
1343 1117 1470 1178 pacis
1494 1117 1666 1164 foedere

257 1195 630 1251 reconciliatum,
659 1193 915 1240 attraheret
949 1202 995 1237 et
1029 1193 1233 1238 auferret
1265 1192 1492 1250 inimieis;
1519 1195 1669 1240 existi-

258 1289 415 1331 mans,
448 1272 483 1316 si
516 1271 574 1316 ad
608 1271 651 1315 id
689 1270 980 1333 perveniret,
1013 1278 1058 1314 et
1084 1269 1171 1314 sibi
1197 1270 1317 1314 vires
1342 1271 1592 1331 geminari,
1623 1281 1669 1317 et

255 1349 530 1394 adversariis
555 1348 731 1409 majore
756 1363 808 1392 ex
837 1355 968 1410 parte
992 1346 1194 1391 diminui
1220 1356 1265 1391 et
1289 1345 1576 1393 decrescere.

324 1428 629 1472 Assectaverat
654 1434 810 1471 autem
835 1425 961 1470 idem
985 1425 1105 1485 regis
1130 1440 1399 1485 germaium,
1429 1435 1473 1470 et
1496 1426 1669 1488 pariter

259 1502 537 1565 Burgundiae
561 1511 602 1548 et
630 1502 877 1547 Britanniae
903 1501 1069 1557 duces,
1098 1500 1186 1546 sibi
1213 1500 1447 1555 foederati,
1475 1512 1523 1547 ut
1551 1506 1667 1548 Nor-

256 1581 520 1635 manuiam,
554 1596 647 1642 qua
677 1580 851 1640 ejectus
876 1579 1045 1632 suerat,
1078 1578 1238 1623 denuo
1264 1595 1351 1640 pro
1377 1578 1670 1626 liaereditaria

255 1658 474 1722 portione
501 1656 744 1718 reciperet,
774 1665 853 1700 aut
878 1654 1039 1699 saltem
1066 1655 1374 1716 Campaniam
1399 1671 1508 1699 cum
1534 1656 1670 1702 cerlis

256 1732 581 1795 adjacentibus
613 1731 768 1787 terris3
807 1747 893 1775 nec
926 1730 985 1774 ab
1019 1746 1072 1775 ea
1107 1730 1338 1776 sententia
1369 1741 1414 1776 et
1444 1732 1670 1793 opinione

257 1810 490 1858 dimoveri
530 1818 776 1872 potuerat,
818 1807 1045 1870 quamdiu
1086 1807 1132 1852 in
1174 1807 1395 1851 humanis
1436 1819 1668 1870 superstes

257 1890 408 1935 suerat
442 1904 554 1934 suus
591 1886 667 1932 ille
704 1885 826 1931 fidus
863 1886 1061 1931 servitor
1095 1885 1300 1930 Thomas
1341 1885 1400 1930 de
1438 1885 1663 1945 Lol-aille,

257 1983 400 2030 quem
434 1980 576 2028 supra
604 1979 790 2009 veneno
820 1963 1100 2008 exstinctum
1135 1963 1274 2007 fuisse
1307 1961 1566 2007 retulimus.
1601 1965 1668 2007 Eo

258 2060 369 2088 vero
407 2041 466 2088 de
503 2040 662 2086 medio
700 2039 911 2097 sublato,
951 2038 1096 2084 veluti
1134 2049 1321 2084 remoto
1358 2037 1664 2102 prohibente,

259 2119 436 2164 invenit
461 2134 542 2163 rex
567 2116 691 2181 apud
720 2115 942 2161 eumdem
972 2131 1249 2177 germanum
1277 2115 1448 2160 idonea
1481 2114 1569 2159 sibi
1603 2115 1670 2160 in-

258 2205 535 2252 strumenta,
569 2193 758 2256 quibus,
788 2193 849 2239 ad
875 2193 1225 2239 assentiendum
1252 2193 1345 2237 suis
1370 2192 1508 2247 votis,
1538 2191 1670 2237 facile

261 2272 492 2319 suaderet.
526 2275 585 2316 Ut
608 2288 719 2333 ergo
744 2288 854 2315 eum
879 2287 906 2316 a
930 2270 1230 2334 praefatorum
1260 2270 1436 2314 ducum
1465 2269 1596 2313 terris
1625 2278 1670 2314 et

262 2348 485 2395 dominiis
520 2347 660 2408 longe
696 2348 984 2409 sejungeret,
1023 2364 1106 2410 per
1141 2346 1424 2405 nonnullos,
1464 2362 1583 2408 quos
1621 2345 1667 2390 in

261 2427 469 2490 ejusdem
496 2426 644 2470 fratris
668 2427 737 2471 sui
763 2427 909 2471 domo
933 2436 1069 2489 aplos
1091 2425 1430 2487 cognoscebat,
1461 2423 1670 2469 donariis

262 2522 286 2551 a
325 2521 372 2550 se
410 2513 550 2566 atque
590 2503 865 2548 muneribus
901 2513 945 2548 et
978 2503 1398 2566 pollicitationibus
1430 2502 1668 2546 variorum

261 2583 504 2628 honorum
545 2589 794 2642 corruptos
814 2614 824 2634 ‚
876 2581 1099 2626 eumdem
1143 2580 1200 2626 ad
1248 2581 1342 2625 hoe
1389 2579 1573 2624 induxit
1619 2587 1668 2622 ut

260 2660 492 2722 acciperet
527 2657 780 2719 Aquitania}
817 2657 1108 2719 portionem,
1146 2657 1374 2719 ducisque
1411 2655 1666 2717 Aquitaniae

261 2735 446 2780 titulum
472 2734 724 2796 praeferret.
