1923 3020
730 280 872 315 LIBER
912 281 1135 326 QUINTUS.
1556 284 1629 319 389

244 365 521 428 corporibus
548 367 794 430 coepissent
830 367 1128 425 incumbere,
1156 367 1390 430 extemplo
1417 383 1525 413 ecce
1550 370 1631 431 qui

243 452 541 487 accurrerunt
563 442 670 488 duci
691 444 903 489 nuntiare
933 444 1130 505 qualiter
1155 444 1389 489 Suitenses
1418 460 1443 489 e
1469 445 1631 490 castris

241 518 331 562 suis
353 517 541 563 exibant
565 529 633 576 et,
660 536 769 565 cum
794 520 935 581 signis
961 519 1238 566 militaribus
1260 529 1304 565 et
1326 520 1513 566 aciebus
1536 521 1630 567 dis-

241 593 426 655 positis,
450 598 546 656 Jam
582 596 774 658 propius
798 595 858 640 ad
880 612 988 640 suos
1014 595 1414 658 propinquabant.
1451 596 1631 653 Quibus

242 684 347 713 cum
372 667 464 714 dux
500 671 691 715 minime
725 670 915 715 credere
941 670 1103 728 vellet,
1132 672 1244 733 quin
1275 673 1412 718 etiam
1443 673 1632 719 cuidam

244 742 387 788 nobili
423 746 590 807 equiti,
618 747 698 807 qui
733 745 781 790 id
821 762 868 791 se
910 746 1074 791 vidisse
1110 747 1359 807 referebat,
1388 765 1550 812 aspera
1588 759 1633 795 et

241 820 470 882 probrosa
492 822 634 867 verba
657 821 956 878 reddidisset,
982 822 1057 867 alii
1081 832 1220 885 atque
1245 824 1319 868 alii
1343 841 1451 870 mox
1474 842 1633 888 super-

241 897 458 956 veniunt,
490 898 782 960 superiorum
817 897 969 943 verbis
1006 898 1366 961 adstipulante53
1406 900 1633 947 addentes

239 973 378 1019 etiam
393 973 628 1036 quodjam
649 972 795 1037 [cum]
812 974 921 1031 suis,
945 990 1063 1037 quos
1077 975 1125 1018 in
1144 975 1358 1037 praesidio
1377 977 1629 1035 locaverat,

241 1066 406 1096 manus
433 1060 749 1096 consererent.
782 1049 962 1107 Quibus
988 1051 1052 1095 sic
1081 1050 1276 1109 auditis,
1304 1052 1401 1115 ipse
1432 1053 1528 1098 dux
1560 1070 1634 1099 re—

240 1136 380 1189 pente
423 1143 532 1172 suos
577 1127 745 1171 armari
791 1135 835 1171 et
881 1142 1025 1188 equos
1070 1126 1387 1172 conscendere
1424 1127 1593 1189 jubens
1618 1165 1629 1187 ,

241 1220 414 1265 equum
452 1213 496 1248 et
533 1203 630 1265 ipse
665 1219 772 1248 cum
803 1203 878 1260 iis,
909 1218 1027 1264 quos
1054 1218 1212 1248 secum
1241 1213 1427 1266 paratos
1458 1205 1633 1251 habere

241 1281 409 1344 potuit,
436 1280 708 1326 conscendit
726 1289 771 1324 et
793 1279 1013 1325 adversus
1033 1278 1188 1325 hostes
1206 1280 1465 1326 contendit.
1497 1283 1632 1344 Atqui

240 1374 349 1404 cum
381 1357 591 1404 debitum
627 1357 842 1403 ordinem
871 1358 919 1402 in
951 1358 1044 1402 suis
1076 1357 1359 1420 disponendi
1388 1360 1632 1422 repentina

238 1433 443 1479 hostium
479 1450 750 1496 aggressura
783 1434 976 1479 minime
1013 1434 1321 1496 permisisset,
1360 1435 1441 1496 qui
1475 1444 1630 1482 tamen

239 1528 347 1557 cum
364 1527 534 1573 magno
554 1512 719 1557 ordine
739 1520 783 1556 et
797 1511 944 1573 sagaci
966 1510 1274 1573 dispositione
1291 1510 1628 1574 procedebant,

238 1587 296 1632 ad
322 1588 528 1650 primum
561 1587 770 1634 hostium
802 1597 1109 1650 conspectum
1135 1587 1519 1648 Burgundiones,
1552 1589 1632 1651 qui

238 1664 296 1710 de
325 1665 460 1709 sociis
494 1665 588 1710 suis
623 1665 670 1709 in
707 1663 921 1727 praesidio
957 1674 1001 1709 et
1033 1664 1247 1709 custodia
1281 1663 1474 1723 relictis,
1502 1681 1632 1711 acce-

239 1740 457 1786 dentibus
487 1741 710 1799 inimicis,
744 1741 802 1787 ad
832 1758 879 1787 se
910 1758 1006 1786 non
1040 1740 1166 1786 aliud
1190 1757 1332 1803 quam
1359 1742 1487 1786 triste
1511 1759 1632 1787 nun-

241 1817 355 1861 tium
388 1817 699 1880 accipiebant,
741 1817 799 1862 de
822 1816 949 1862 nulla
973 1817 1245 1863 defensione
1268 1834 1348 1864 seu
1374 1819 1632 1864 resistentia

240 1892 453 1938 hostibus
477 1894 760 1957 opponenda
784 1910 869 1939 nec
893 1893 953 1939 de
976 1894 1065 1939 alio
1091 1893 1317 1950 remedio,
1338 1894 1427 1939 nisi
1450 1894 1509 1940 de
1535 1895 1631 1940 sola

239 1969 367 2032 fuga,
412 1972 694 2033 cogitantes,
730 1971 923 2017 confuse
961 1980 1006 2016 et
1040 1969 1437 2017 inordinatissime
1471 1971 1630 2033 fugam

238 2048 551 2110 arripuerunt.

305 2126 470 2169 Hostes
491 2133 662 2182 autem,
681 2140 707 2169 a
729 2132 857 2185 tergo
873 2139 952 2169 eos
972 2123 1187 2182 insecuti,
1206 2122 1420 2187 peditum
1439 2122 1631 2185 quidem

241 2208 285 2243 et
308 2200 650 2260 sagittariorum
668 2236 678 2256 ,
704 2201 784 2261 qui
816 2216 987 2262 magno
1023 2215 1222 2245 numero
1252 2208 1404 2256 erant,
1432 2209 1632 2260 stragem

240 2291 457 2336 magnam
487 2276 713 2321 fecerunt.
744 2276 934 2321 Plurimi
968 2276 1106 2321 etiam
1136 2276 1347 2338 equitum
1378 2275 1534 2331 ducis,
1559 2275 1632 2320 vel

240 2368 265 2396 a
291 2351 581 2413 pedestribus
617 2353 763 2415 copiis
793 2353 1075 2397 Suitensium
1108 2351 1427 2408 circumclusi,
1462 2352 1535 2397 vel
1571 2351 1631 2397 ab

239 2429 473 2491 equitibus
513 2430 764 2492 persecuti,
807 2430 907 2475 caesi
946 2429 1255 2493 prostratique
1293 2430 1495 2474 fuerunt.
1540 2432 1633 2475 Nec

239 2505 332 2550 hoc
363 2505 552 2567 quidem
583 2505 772 2552 difficile
802 2507 976 2564 suerat,
1004 2523 1111 2552 cum
1148 2507 1178 2550 ii
1212 2505 1478 2569 nullopere¹
1514 2505 1634 2550 hos-

242 2583 356 2628 tium
399 2584 788 2646 consequentium
829 2585 1058 2630 invasioni
1099 2583 1420 2640 obluctantes,
1452 2583 1578 2628 nulla
1609 2600 1634 2628 e

293 2748 326 2780 1.
365 2750 404 2781 1η
425 2749 523 2782 nullo
542 2760 590 2794 pe
611 2746 702 2783 dans
727 2746 760 2783 le
783 2760 850 2783 ms.
