1923 3020
259 279 334 314 202
622 278 963 315 HISTORIARUM
989 281 1224 319 LUDOVICI
1251 284 1308 319 XI

257 366 431 423 caeteri,
455 366 587 425 juxta
615 365 896 427 sponsiones
920 366 1043 412 inter
1066 384 1116 414 se
1140 368 1301 429 factas,
1332 387 1414 416 eos
1440 372 1659 433 insecuti,

257 441 600 502 adaequassent,
628 457 725 486 non
750 441 950 488 dubium
971 445 1084 505 quin
1105 445 1164 491 de
1183 446 1312 509 ipsis,
1339 448 1516 493 nedum
1536 450 1659 511 prin-

257 518 469 579 cipibuS,
518 517 600 563 sed
638 529 683 564 et
727 519 786 565 de
829 521 1057 569 militibus
1097 533 1143 569 et
1181 525 1409 582 exercitu,
1460 536 1663 588 stragem

255 595 491 656 ingentem
524 594 738 641 fecissent
778 597 1041 663 urbemque
1078 617 1211 646 suam
1248 611 1294 647 et
1331 603 1562 666 populum
1602 605 1662 651 ab

254 670 520 716 imminenti
560 671 879 720 vindicassent
918 677 1119 723 excidio.
1163 678 1253 723 Sed
1284 679 1355 724 vel
1393 690 1549 739 metu,
1588 682 1661 728 vel

253 747 462 808 ignavia,
503 758 585 793 aut
625 750 816 810 inertia,
858 754 1089 815 promissa
1128 764 1174 800 et
1209 755 1430 802 condicta
1466 757 1660 805 minime

252 823 588 886 adimplentes,
627 836 673 871 et
708 828 847 873 sociis
882 831 976 875 suis
1007 831 1160 889 necis,
1198 841 1243 876 et
1274 832 1447 878 civitati
1479 834 1660 898 totique

252 901 412 963 patriae
435 901 711 949 calamitatis
735 921 915 965 magnae
937 923 1129 953 causam
1154 910 1484 971 praestiterunt.

316 982 524 1024 Accenso
553 981 680 1025 enim
711 983 914 1044 proinde
943 984 1186 1031 acerbiore
1217 986 1328 1031 odio
1358 997 1403 1032 et
1433 988 1659 1052 indigna—

250 1055 380 1101 tione
410 1061 587 1119 maJ'ore
613 1057 768 1120 (quae,
800 1069 844 1105 et
876 1060 1056 1124 absque
1087 1062 1203 1121 hoc,
1232 1074 1457 1125 perantea
1481 1067 1589 1112 satis
1614 1077 1659 1113 et

250 1133 503 1196 supersatis
528 1135 821 1181 exacerbata¹
845 1138 989 1199 erat),
1016 1139 1174 1201 parari
1209 1149 1253 1184 et
1286 1139 1475 1203 disponi
1499 1144 1659 1190 omnia

250 1210 641 1272 Burgundionum
680 1212 777 1257 dux
809 1214 869 1258 ad
901 1214 1034 1259 urbis
1074 1217 1473 1278 expugnationem
1502 1218 1653 1280 jussit.

251 1288 305 1330 Et
336 1288 563 1348 quoniam
606 1289 728 1334 intra
762 1305 865 1335 eam
907 1291 1097 1354 plurimi
1133 1303 1267 1338 erant
1298 1295 1405 1357 qui,
1447 1305 1493 1341 et
1526 1297 1658 1359 signa

249 1364 368 1425 regis
402 1369 689 1410 Francorum
728 1366 968 1424 ferebant,
1007 1379 1053 1414 et
1087 1386 1174 1415 suo
1207 1372 1403 1418 nomine
1439 1382 1485 1418 et
1522 1374 1657 1420 titulo

246 1442 569 1488 acclamabant
593 1445 711 1506 <non
737 1444 943 1491 valentes
963 1462 1042 1492 seu
1067 1448 1209 1493 etiam
1231 1448 1442 1495 volentes
1465 1450 1657 1498 credere

246 1520 377 1581 quod
423 1518 483 1566 ad
531 1520 662 1566 urbis
707 1538 800 1568 suae
843 1524 1081 1569 excidium
1114 1528 1405 1571 Francorum
1441 1543 1522 1572 rex
1564 1528 1656 1575 illic

245 1595 427 1641 adesset
463 1606 508 1642 et
543 1614 652 1642 cum
690 1600 1105 1661 Burgundionibus
1141 1601 1445 1665 advenisset),
1474 1605 1656 1668 procla-

246 1673 390 1718 matio
426 1684 567 1737 atque
605 1674 813 1722 edictum
853 1679 900 1723 in
939 1679 1099 1725 castris
1138 1680 1532 1741 Burgundionum
1571 1684 1657 1729 fuit

243 1748 535 1812 publicatum
569 1762 619 1798 ut
654 1753 835 1812 nullus,
869 1755 957 1801 sub
992 1773 1132 1819 poena
1163 1758 1349 1817 mortis,
1384 1759 1483 1805 sine
1516 1776 1656 1807 cruce

242 1827 390 1872 sancti
420 1828 636 1889 Andreae,
671 1848 773 1893 quae
803 1842 870 1878 est
901 1834 1291 1897 Burgundionum
1317 1836 1524 1897 signum,
1556 1838 1654 1884 ullo

242 1913 381 1965 pacto
413 1918 674 1969 appareret.
710 1910 798 1954 Cui
833 1910 990 1956 edicto
1033 1928 1130 1956 non
1164 1912 1310 1957 modo
1346 1914 1533 1973 Franci,
1570 1916 1653 1978 qui

242 1997 350 2026 cum
382 1999 489 2045 rege
526 1984 840 2045 advenerant,
873 2003 1037 2033 verum
1071 1989 1211 2034 etiam
1243 1989 1341 2052 ipse
1370 2006 1450 2035 rex
1481 1989 1652 2038 devote

243 2075 437 2122 parens,
481 2063 667 2125 signum
704 2065 979 2127 hujusmodi
1021 2066 1068 2111 in
1110 2083 1193 2112 sua
1229 2075 1356 2112 veste
1400 2067 1563 2130 patulo
1596 2085 1651 2115 ac

242 2137 484 2184 manifeste
509 2141 728 2202 portavit.

304 2217 360 2259 Et
398 2232 483 2261 nec
517 2234 573 2263 eo
607 2220 709 2265 solo
742 2230 1015 2281 contentus,
1055 2222 1138 2267 sed
1175 2232 1226 2268 ut
1258 2222 1473 2268 devotius
1508 2223 1648 2269 etiam

240 2288 435 2353 obsequi
455 2303 595 2355 atque
615 2296 737 2341 affici
755 2297 865 2343 duci
887 2298 1275 2360 Burgundionum
1293 2315 1341 2344 se
1359 2298 1644 2357 ostenderet,

238 2376 284 2412 et
303 2384 362 2413 ne
380 2369 493 2430 quid
511 2387 704 2433 prorsus
725 2375 1004 2438 suspicionis
1024 2375 1228 2421 adversae
1245 2376 1532 2439 relinqueret
1549 2392 1648 2422 non

236 2455 512 2508 purgatum,
539 2464 649 2493 cum
678 2452 897 2498 nonnulli
933 2470 989 2498 ex
1015 2453 1220 2513 civibus,
1253 2469 1408 2515 regem
1440 2456 1645 2499 Franco-

236 2539 341 2568 rum
368 2524 414 2568 in
448 2526 673 2571 auxilium
708 2528 1004 2587 invocantes,
1033 2548 1080 2576 se
1105 2548 1308 2594 suosque
1331 2531 1530 2577 militare
1561 2530 1646 2577 sibi

239 2600 581 2662 acclamarent,
619 2620 700 2649 eos
729 2607 950 2652 mentitos
980 2607 1078 2653 fore
1108 2625 1185 2654 rex
1218 2610 1314 2671 ipse
1340 2625 1421 2654 ore
1450 2608 1644 2672 proprio

291 2753 326 2789 1.
362 2751 591 2789 Exacerbati
610 2753 702 2791 dans
725 2754 760 2790 le
783 2767 850 2791 ms.
